1795 3253
257 243 433 276 CONTRA
467 245 670 276 FAnsrUM
704 244 1006 287 mmcnffinir,
1045 247 1134 280 tm.
1175 249 1249 282 xx.
1355 235 1441 283 511

75 325 188 356 vera.
218 309 344 356 Unde
372 327 447 356 vos
466 311 610 357 verius
635 309 815 356 dixerim
840 328 919 357 1166
958 312 1088 358 5016111
1114 313 1244 360 15111111
1279 316 1418 363 colere
1435 355 1446 375 ‚

74 378 130 425 ad
149 382 274 440 cujus
299 397 454 444 gyrum
478 392 618 427 vestra
639 381 775 427 oratio
794 381 1167 431 circumvolvitur.

138 449 214 497 VI.
256 451 368 496 Nam
388 461 430 497 et
450 450 503 496 de
521 451 616 515 ipso
636 462 724 497 tam
747 450 876 507 falsa,
905 463 945 498 et
973 464 1060 499 tam
1080 454 1331 502 detestanda
1351 462 1450 518 jac-

72 519 173 567 tatis
188 557 199 577 ‚
226 531 275 566 ut
295 521 329 567 si
350 538 444 569 suas
463 522 706 568 vindicaret
721 522 922 582 injurias,
943 528 1034 584 jam
1051 525 1236 572 flammis
1252 532 1341 587 ejus
1363 530 1449 576 vivi

74 589 294 638 arderetis,
319 592 431 637 Nam
455 593 598 656 primo
622 610 721 638 eum
745 593 890 638 navim
910 594 1144 657 quamdam
1165 614 1251 643 csse
1274 598 1446 646 dicitis:

72 659 131 706 ita
156 678 244 707 non
265 671 437 708 tantum
457 699 467 718 ,
492 673 539 708 111
563 662 741 719 dicitur,
766 673 858 709 toto
876 664 989 710 coelo
1013 667 1160 711 erratis
1175 704 1186 723 ,
1215 668 1287 713 sed
1309 680 1349 714 et
1367 688 1448 715 na-

73 730 187 778 tatis.
229 731 396 777 Deinde
423 749 524 778 cum
564 734 761 779 omnium
796 733 935 780 oculis
966 736 1180 782 rotundus
1218 739 1417 800 effulgeat
1434 778 1444 797 ‚

73 817 208 864 eaque
240 802 303 848 illi
334 804 472 863 figura
495 820 576 867 pro
601 804 667 849 sui
698 802 861 849 ordinis
895 805 1108 868 positione
1139 807 1330 870 perfecta
1360 810 1445 865 sit;

72 887 149 917 vos
166 889 265 918 eum
290 873 556 933 triangulum
588 874 830 937 perhibetis
850 913 861 930 ‚
889 875 935 921 id
971 886 1060 933 est,
1098 894 1177 939 per
1211 880 1447 941 quamdam

72 941 335 1003 triangulam
358 945 460 991 coeli
486 945 716 991 fenestram
743 945 887 992 lucem
910 947 1037 992 istam
1057 948 1222 994 mundo
1242 950 1448 1014 terrisque

73 1012 255 1062 radiare.
284 1016 350 1061 Ita
366 1016 415 1061 fit
433 1053 443 1072 ‚
471 1027 520 1062 ut
544 1015 599 1061 ad
622 1016 752 1062 istum
779 1016 957 1080 quidem
982 1016 1115 1062 solem
1146 1018 1325 1066 dorsum
1351 1039 1448 1068 cer-

70 1083 298 1149 vicemque
317 1088 530 1141 curveti33
553 1104 640 1132 non
668 1097 811 1132 autem
830 1088 975 1150 ipsum
997 1097 1085 1133 tam
1105 1088 1220 1134 clara
1240 1091 1446 1137 rotundi-

71 1163 157 1199 tate
174 1156 463 1220 conspicuum
480 1194 490 1213 ,
525 1158 597 1203 sed
622 1157 765 1202 nescio
795 1174 928 1221 quam
960 1158 1105 1204 navim
1130 1176 1210 1222 per
1247 1160 1445 1209 foramen

71 1224 339 1285 triangulum
359 1229 594 1274 micantem
626 1238 755 1291 atque
784 1228 1002 1273 lucentem
1019 1265 1029 1283 ‚
1055 1246 1185 1292 quam
1211 1232 1445 1279 confictam

71 1295 290 1355 cogitatis,
314 1297 514 1346 adoretis.
543 1299 688 1355 Quam
705 1298 901 1360 profecto
925 1297 1049 1344 faber
1064 1298 1136 1344 ille
1160 1317 1248 1346 non
1266 1300 1443 1362 faceret,

70 1364 104 1409 si
127 1367 500 1428 quemadmodum
536 1378 739 1414 emuntur
779 1368 894 1427 ligna
913 1405 924 1424 ,
965 1369 1126 1432 quibus
1171 1371 1444 1431 navigiorum

70 1434 235 1482 tabulae
266 1439 626 1502 compinguntur,
667 1439 727 1484 sic
761 1448 1005 1483 emerentur
1027 1449 1068 1483 et
1091 1439 1249 1495 verba,
1282 1443 1444 1504 quibus

70 1504 378 1554 haereticorum
399 1509 560 1555 fabulae
587 1508 943 1572 compinguntur.
977 1510 1137 1556 Verum
1164 1510 1261 1557 haec
1286 1514 1445 1562 tolera-

69 1574 203 1623 bilius
226 1579 293 1624 vel
312 1580 510 1627 ridentur
535 1580 601 1626 vel
627 1580 788 1625 flentur
808 1580 853 1625 in
870 1580 995 1625 vobis
1027 1597 1037 1624 :
1074 1580 1185 1626 illud
1207 1592 1268 1627 est
1291 1583 1444 1632 intole-

70 1647 266 1694 rabiliter
283 1651 538 1696 sceleratum
556 1688 566 1706 ,
595 1649 713 1713 quod
735 1649 788 1694 de
813 1650 908 1712 ipsa
926 1649 1026 1694 navi
1049 1649 1214 1713 puellas
1234 1653 1445 1715 pulchras

70 1727 112 1779 et
126 1735 284 1781 pueros
303 1723 494 1785 proponi
514 1721 659 1767 dicitis
676 1757 686 1776 ,
708 1736 897 1783 quorum
921 1719 1237 1766 formosissimis
1256 1728 1447 1788 corpori-

70 1787 154 1834 bus
170 1790 447 1837 inardescant
469 1792 690 1855 principes
709 1791 987 1837 tenebrarum
1001 1827 1013 1845 ,
1039 1790 1095 1835 ad
1118 1790 1318 1840 foeminas
1336 1814 1445 1843 mas-

71 1859 177 1916 culi,
195 1871 236 1906 et
252 1861 307 1907 ad
320 1863 534 1909 masculos
550 1862 742 1908 foeminae
765 1879 775 1906 :
803 1872 850 1906 ut
868 1862 915 1906 in
928 1861 1022 1923 ipsa
1038 1860 1238 1920 flagranti
1260 1863 1444 1914 libidine

71 1930 313 1978 etinhianti
336 1933 690 1997 concupiscentia
705 1932 758 1977 de
778 1931 984 1977 membris
1004 1948 1152 1976 eorum
1170 1942 1377 1998 tanquam
1391 1938 1445 1986 de

72 2001 195 2046 terris
215 2003 486 2067 sordidisque
504 2002 792 2066 compedibus
812 2001 881 2047 dei
904 2000 1033 2047 vestri
1056 2002 1252 2048 membra
1278 2005 1446 2054 solvan-

72 2081 158 2119 tur.
184 2073 238 2119 Et
251 2074 320 2120 his
337 2074 673 2122 obscoenissimis
692 2073 846 2136 pannis
867 2072 1018 2119 vestris
1037 2073 1254 2119 conamini
1282 2094 1445 2127 assuere

71 2141 333 2191 ineffabilem
361 2145 616 2192 Trinitatem
632 2181 642 2200 ,
665 2143 854 2189 (116611105
877 2143 1052 2188 Patrem
1074 2142 1121 2187 in
1143 2155 1303 2191 secreto
1328 2166 1443 2211 quo-

73 2210 175 2258 dam
198 2212 361 2263 lumine
384 2216 611 2269 habitare;
648 2214 745 2260 Filii
766 2224 910 2259 autem
930 2213 977 2258 in
1008 2212 1096 2259 sole
1131 2213 1334 2263 virtutem
1356 2256 1368 2276 ,
1398 2221 1444 2267 in

71 2283 176 2345 luna
195 2288 448 2352 sapientiam
466 2309 477 2343 3
503 2287 717 2351 Spiritum
741 2304 840 2332 vero
861 2296 1061 2332 sanctum
1082 2285 1127 2331 in
1151 2292 1262 2335 aere.

138 2352 238 2407 VII.
280 2360 330 2406 In
354 2378 439 2424 qua
458 2358 676 2422 tripartita
702 2368 838 2402 uestra
857 2394 867 2413 ‚
890 2356 958 2402 vel
982 2356 1129 2419 potius
1143 2358 1234 2414 jam
1260 2361 1444 2421 quadri—

72 2433 233 2497 partita
255 2432 404 2480 fabula
424 2471 436 2490 ‚
469 2432 523 2479 de
546 2430 687 2477 Patris
714 2429 894 2494 quidem
917 2439 1080 2474 secreto
1105 2427 1266 2475 lumine
1286 2467 1298 2486 ,
1338 2436 1445 2497 quid

72 2505 197 2555 vobis
217 2506 359 2566 dicam
374 2542 385 2563 ‚
409 2504 491 2551 nisi
508 2502 612 2567 quia
633 2501 782 2547 lumen
805 2501 993 2562 cogitare
1012 2517 1099 2545 non
1128 2501 1307 2562 potestis
1321 2540 1332 2559 ,
1362 2506 1442 2555 nisi

72 2577 200 2643 quale
218 2576 363 2637 videre
381 2573 649 2623 consuestis?
671 2572 769 2619 Hoc
793 2572 909 2619 enim
942 2571 1233 2635 conspicuum
1257 2584 1300 2620 et
1325 2581 1445 2626 omni
