1795 3253
240 269 412 300 CONTRA
450 268 652 298 FAusTuM
687 266 996 307 MANICHAEUM,
1035 267 1122 297 Lm.
1164 267 1235 298 xv.
1343 253 1435 308 413

64 335 180 382 nulla
201 346 372 400 experta
393 345 472 392 est,
496 352 594 398 quae
614 333 808 379 nondum
828 331 1045 378 intellecta
1067 333 1127 378 sic
1145 344 1279 380 erant.
1308 335 1435 394 Obji-

0 442 2 445 v
64 407 150 452 ciat
189 407 228 452 ei
266 405 466 469 quisque,
509 403 628 468 quod
669 402 919 448 Emmanuel
960 403 1220 449 adamaverit
1248 422 1258 449 ε
1286 404 1436 450 irridet

63 476 278 522 inscitiam
318 476 434 521 illins
476 473 665 520 hominis
683 511 693 530 ,
735 472 1014 536 amplectitur
1048 475 1269 520 veritatem
1307 474 1438 534 hujus

64 546 262 593 nominis.
287 546 482 606 Objiciat
498 544 616 609 quod
633 544 840 590 amaverit
860 544 1072 599 messiam,
1092 545 1259 608 repellit
1277 545 1436 590 extinc-

65 628 158 663 tum
174 616 485 670 adversarium,
505 627 617 661 tenet
632 626 810 660 unctum
827 615 1092 674 magistrum.
1122 617 1185 661 lta
1208 627 1244 660 te
1262 632 1436 680 quoque

66 687 190 751 cupit
213 687 351 733 sanari
375 705 397 732 a
418 687 540 732 vanis
559 686 793 740 erroribus,
821 694 863 729 et
889 685 1100 731 aedificari
1121 704 1252 750 super
1275 686 1439 732 funda-

68 769 259 804 mentum
277 756 606 821 ApostolorumJ
627 767 667 802 et
684 756 1020 819 Prophetarum.
1046 758 1184 813 Quem
1202 757 1309 802 dieis
1330 758 1439 820 Hip-

66 838 400 892 pocentaurum,
427 828 617 873 nesciens
641 825 747 890 quid
772 825 980 889 loquariS,
1014 844 1092 872 nec
1116 829 1299 874 attendis
1333 830 1441 892 quid

67 899 149 945 tibi
167 910 241 945 tna
259 899 406 945 fabula
425 898 676 953 confecerit,
699 914 796 943 cum
819 914 865 942 ex
884 908 1006 960 parte
1025 897 1093 943 dei
1117 899 1178 943 tui
1195 911 1235 944 et
1255 918 1298 945 ex
1317 911 1441 963 parte

64 980 191 1015 terrae
228 969 502 1015 tenebrarum
542 967 698 1013 falsum
727 967 942 1013 mundum
977 968 1199 1015 fabricasti
1235 970 1279 1015 in
1313 970 1443 1017 corde

64 1051 153 1087 tuo.
182 1042 331 1086 lta—ne
349 1040 419 1085 ille
444 1057 531 1085 non
552 1050 613 1084 est
633 1040 1034 1101 Hippocentaurus,
1064 1039 1284 1086 semiferus
1308 1052 1347 1087 et
1371 1059 1434 1087 se-

64 1111 263 1158 mideus?
296 1111 419 1163 Vere,
456 1111 559 1174 quia
593 1128 672 1155 nec
698 1111 1084 1174 Hippocentaurus
1120 1112 1331 1158 dicendus
1363 1125 1437 1160 est.

66 1181 188 1239 Quid
211 1191 354 1228 autem
383 1182 465 1236 sit,
505 1191 551 1226 tu
586 1180 782 1236 attende,
814 1191 855 1226 et
876 1182 1080 1228 erubesce
1107 1194 1147 1228 et
1170 1184 1368 1239 mitesce,
1398 1196 1447 1230 ut

65 1253 389 1317 corruptionem
400 1263 518 1298 tuam
533 1270 554 1298 a
565 1262 758 1315 serpente
769 1252 965 1298 adultero
978 1254 1279 1318 perhorrescas
1296 1273 1306 1300 ι
1323 1259 1392 1316 cuj
1402 1273 1447 1301 us

67 1324 263 1371 astutiam
289 1323 323 1369 si
349 1323 469 1387 apud
501 1324 681 1385 Moysen
705 1323 964 1369 credendam
990 1342 1075 1370 non
1099 1327 1265 1388 putasti
1282 1364 1293 1381 ,
1327 1325 1445 1390 apud

66 1393 254 1440 Paulum
275 1410 425 1439 cavere
446 1392 652 1447 debuisti,
675 1393 750 1456 qui
770 1410 913 1438 veram
939 1394 1176 1440 Ecclesiam
1198 1395 1342 1441 volens
1361 1396 1444 1440 vir-

66 1465 207 1525 ginem
227 1474 388 1510 castam
403 1463 602 1509 exhibere
618 1463 792 1509 Christo
817 1482 826 1508 :
851 1486 870 1505 α
891 1465 1059 1521 Timeo,
1081 1465 1240 1529 inquit,
1266 1484 1316 1512 ne
1331 1468 1444 1513 sicut

67 1557 88 1578 »
113 1552 285 1599 serpens
306 1536 441 1580 livam
458 1533 607 1579 fefellit
628 1534 671 1579 in
694 1534 878 1580 versutia
897 1552 991 1589 sua,
1018 1535 1075 1581 ita
1099 1548 1442 1601 corrumpantur

69 1628 90 1648 ›>
115 1616 275 1652 mentes
308 1615 460 1651 vestrae
486 1622 507 1650 a
537 1604 814 1667 simplicitate
847 1616 888 1650 et
923 1606 1144 1663 castitate,
1172 1626 1273 1671 qua}
1308 1622 1369 1656 est
1402 1613 1447 1658 in

71 1698 91 1719 ))
117 1676 385 1733 Christ02.»
406 1675 568 1720 Hoetu
590 1692 690 1720 cum
716 1675 902 1731 audires,
926 1693 1062 1740 usque
1084 1678 1189 1724 adeo
1209 1690 1349 1728 tamen
1370 1683 1450 1730 de-

70 1749 258 1813 sipuisti,
285 1758 328 1793 et
351 1748 569 1794 venenatis
592 1748 963 1794 incantationibus
984 1755 1073 1810 ejus
1095 1770 1238 1799 amens
1261 1754 1373 1802 facta
1389 1775 1447 1814 es,

72 1830 119 1865 ut
143 1818 235 1864 aliis
255 1817 400 1864 multis
418 1817 660 1864 haeresibus
685 1817 803 1863 aliud
829 1829 956 1882 atque
980 1820 1099 1866 aliud
1124 1822 1237 1868 idem
1260 1842 1448 1890 serpens,

72 1889 154 1935 tibi
182 1899 324 1935 autem
354 1888 484 1933 etiam
507 1905 549 1933 se
578 1887 804 1933 Christum
836 1906 922 1934 esse
949 1893 1221 1952 persuaserit.
1251 1896 1386 1944 Porro
1420 1901 1454 1945 si

71 1969 217 2006 errant
243 1958 394 2004 multae
417 1957 600 2003 fallaciis
631 1960 722 2015 ejus
744 1957 872 2003 variis
902 1969 943 2004 et
973 1959 1314 2012 multiformibus
1341 1968 1454 2015 irre-

72 2030 178 2086 titae‚
203 2045 303 2092 quae
330 2039 474 2073 tamen
493 2027 609 2072 hanc
631 2026 971 2074 admonitionem
994 2031 1191 2093 Apostoli
1211 2052 1355 2083 veram
1382 2039 1451 2086 fa-

74 2110 313 2147 tenturztu
350 2108 563 2162 quantum
604 2097 844 2144 adulterata
873 2117 932 2156 es,
969 2118 1100 2164 quam
1133 2104 1178 2149 in
1214 2106 1453 2174 longinquo

73 2171 328 2237 prostituta,
357 2186 456 2233 quae
479 2169 622 2232 ipsum
647 2187 728 2232 pro
757 2170 933 2216 Christo
965 2171 1118 2229 habes,
1147 2193 1167 2220 a
1193 2194 1280 2240 quo
1310 2182 1454 2244 Apos-

76 2243 190 2289 tolus
215 2241 382 2287 Christi
409 2239 633 2286 seductam
663 2242 798 2286 Evam
828 2252 958 2305 atque
992 2257 1243 2308 corruptam
1276 2250 1451 2309 clamat,

76 2324 126 2360 ut
144 2312 198 2358 ab
223 2328 273 2357 eo
296 2310 509 2371 virginem
534 2327 736 2374 sponsam
759 2311 922 2358 Christi
944 2313 1017 2359 tali
1043 2314 1337 2367 admonitione
1360 2340 1455 2369 cus-

78 2382 250 2444 todiat?
277 2381 541 2426 Tenebravit
561 2397 635 2426 cor
658 2391 799 2437 tuum,
818 2382 894 2446 qui
914 2393 1056 2429 tecum
1075 2384 1119 2430 in
1141 2387 1455 2449 phantasmatis

76 2452 328 2501 lucidorum
362 2468 589 2497 nemorum
631 2452 866 2500 volutatur.
911 2456 1024 2511 Quae
1057 2467 1182 2515 sunt,
1222 2461 1300 2508 ubi
1334 2475 1452 2521 sunt,

77 2523 195 2572 unde
215 2532 318 2569 sunt
339 2522 483 2569 fidelia
502 2522 713 2586 promissa
733 2527 769 2584 ej
778 2527 854 2571 us?
875 2525 914 2573 Ο
934 2525 1072 2583 ebria,
1096 2545 1182 2574 non
1203 2547 1226 2574 a
1248 2532 1374 2580 vino!

133 2610 143 2631 ¹
159 2606 275 2652 Ephes.
293 2618 329 2647 n,
348 2617 403 2639 20.
420 2624 466 2631 —
479 2605 494 2629 2
512 2617 529 2637 2
546 2608 620 2640 Cor.
639 2617 690 2643 η,
710 2608 740 2639 3.
