<?xml version="1.0" encoding="UTF-8"?>
<!DOCTYPE html PUBLIC "-//W3C//DTD XHTML 1.0 Transitional//EN"
    "http://www.w3.org/TR/xhtml1/DTD/xhtml1-transitional.dtd">
<html xmlns="http://www.w3.org/1999/xhtml" xml:lang="en" lang="en">
 <head>
  <title>
</title>
<meta http-equiv="Content-Type" content="text/html;charset=utf-8" />
  <meta name='ocr-system' content='tesseract 3.04.00' />
  <meta name='ocr-capabilities' content='ocr_page ocr_carea ocr_par ocr_line ocrx_word'/>
</head>
<body>
  <div class='ocr_page' id='page_1' title='image "./operaomniaaccura28auguuoft/operaomniaaccura28auguuoft_0548.png"; bbox 0 0 1795 3253; ppageno 0'>
   <div class='ocr_carea' id='block_1_1' title="bbox 353 331 1324 377">
    <p class='ocr_par' dir='ltr' id='par_1_1' title="bbox 353 331 1324 377">
     <span class='ocr_line' id='line_1_1' title="bbox 353 331 1324 377; baseline 0.001 -1"><span class='ocrx_word' id='word_1_1' title='bbox 353 331 445 377; x_wconf 76' lang='lat'>538</span> <span class='ocrx_word' id='word_1_2' title='bbox 764 345 798 375; x_wconf 87' lang='grc'>5.</span> <span class='ocrx_word' id='word_1_3' title='bbox 842 343 1086 376; x_wconf 74' lang='lat' dir='ltr'>Anonsnm</span> <span class='ocrx_word' id='word_1_4' title='bbox 1121 343 1324 377; x_wconf 74' lang='lat' dir='ltr'>EP1sco1’1</span> 
     </span>
    </p>
   </div>
   <div class='ocr_carea' id='block_1_2' title="bbox 344 510 1723 537">
    <p class='ocr_par' dir='ltr' id='par_1_2' title="bbox 344 510 1723 537">
     <span class='ocr_line' id='line_1_2' title="bbox 344 510 1723 537; baseline 0.007 -10"><span class='ocrx_word' id='word_1_5' title='bbox 344 512 432 527; x_wconf 64' lang='lat' dir='ltr'>xwvw</span> <span class='ocrx_word' id='word_1_6' title='bbox 444 512 530 526; x_wconf 52' lang='lat' dir='ltr'>umus</span> <span class='ocrx_word' id='word_1_7' title='bbox 535 510 713 527; x_wconf 59' lang='lat' dir='ltr'>»wnxussw</span> <span class='ocrx_word' id='word_1_8' title='bbox 719 512 790 526; x_wconf 62' lang='lat' dir='ltr'>mm</span> <span class='ocrx_word' id='word_1_9' title='bbox 798 514 887 528; x_wconf 60' lang='lat' dir='ltr'>swm</span> <span class='ocrx_word' id='word_1_10' title='bbox 893 513 979 527; x_wconf 49' lang='lat' dir='ltr'>numu,</span> <span class='ocrx_word' id='word_1_11' title='bbox 987 513 1031 527; x_wconf 63' lang='lat' dir='ltr'>xvv</span> <span class='ocrx_word' id='word_1_12' title='bbox 1038 514 1077 528; x_wconf 63' lang='lat' dir='ltr'>xm</span> <span class='ocrx_word' id='word_1_13' title='bbox 1082 514 1214 528; x_wconf 58' lang='lat' dir='ltr'>xvuunx</span> <span class='ocrx_word' id='word_1_14' title='bbox 1220 515 1307 530; x_wconf 57' lang='lat' dir='ltr'>mxu.</span> <span class='ocrx_word' id='word_1_15' title='bbox 1313 515 1395 530; x_wconf 59' lang='lat' dir='ltr'>num·-</span> <span class='ocrx_word' id='word_1_16' title='bbox 1401 517 1441 532; x_wconf 71' lang='lat' dir='ltr'>m</span> <span class='ocrx_word' id='word_1_17' title='bbox 1447 517 1671 537; x_wconf 58' lang='grc' dir='ltr'>Ὰκνννινινννινι</span> <span class='ocrx_word' id='word_1_18' title='bbox 1680 521 1723 536; x_wconf 72' lang='grc' dir='ltr'><em>Μ</em></span> 
     </span>
    </p>
   </div>
   <div class='ocr_carea' id='block_1_3' title="bbox 864 648 1199 696">
    <p class='ocr_par' dir='ltr' id='par_1_3' title="bbox 864 648 1199 696">
     <span class='ocr_line' id='line_1_3' title="bbox 864 648 1199 696; baseline 0.006 -3"><span class='ocrx_word' id='word_1_19' title='bbox 864 648 1042 694; x_wconf 89' lang='lat' dir='ltr'>LIBER</span> <span class='ocrx_word' id='word_1_20' title='bbox 1079 649 1199 696; x_wconf 79' lang='lat' dir='ltr'>XXI.</span> 
     </span>
    </p>
   </div>
   <div class='ocr_carea' id='block_1_4' title="bbox 331 809 1724 2712">
    <p class='ocr_par' dir='ltr' id='par_1_4' title="bbox 331 809 1724 2712">
     <span class='ocr_line' id='line_1_4' title="bbox 414 809 1724 866; baseline 0.004 -11"><span class='ocrx_word' id='word_1_21' title='bbox 414 812 446 858; x_wconf 91' lang='lat' dir='ltr'>l.</span> <span class='ocrx_word' id='word_1_22' title='bbox 487 812 681 857; x_wconf 53' lang='lat' dir='ltr'>Faesus</span> <span class='ocrx_word' id='word_1_23' title='bbox 710 809 849 855; x_wconf 76' lang='lat' dir='ltr'>dixit:</span> <span class='ocrx_word' id='word_1_24' title='bbox 878 831 898 851; x_wconf 90' lang='lat'>«</span> <span class='ocrx_word' id='word_1_25' title='bbox 933 810 1053 855; x_wconf 82' lang='lat' dir='ltr'>Unus</span> <span class='ocrx_word' id='word_1_26' title='bbox 1087 809 1202 855; x_wconf 87' lang='lat' dir='ltr'>Deus</span> <span class='ocrx_word' id='word_1_27' title='bbox 1234 821 1327 866; x_wconf 86' lang='lat' dir='ltr'>est,</span> <span class='ocrx_word' id='word_1_28' title='bbox 1362 829 1414 857; x_wconf 93' lang='lat' dir='ltr'>an</span> <span class='ocrx_word' id='word_1_29' title='bbox 1441 812 1562 859; x_wconf 61' lang='lat' dir='ltr'>duo?</span> <span class='ocrx_word' id='word_1_30' title='bbox 1592 813 1724 861; x_wconf 82' lang='lat' dir='ltr'>Plane</span> 
     </span>
     <span class='ocr_line' id='line_1_5' title="bbox 346 880 1724 948; baseline 0.003 -22"><span class='ocrx_word' id='word_1_31' title='bbox 346 898 470 929; x_wconf 86' lang='lat' dir='ltr'>unus.</span> <span class='ocrx_word' id='word_1_32' title='bbox 513 881 748 939; x_wconf 81' lang='lat' dir='ltr'>Quomodo</span> <span class='ocrx_word' id='word_1_33' title='bbox 784 898 883 941; x_wconf 79' lang='lat' dir='ltr'>ergo</span> <span class='ocrx_word' id='word_1_34' title='bbox 920 898 995 926; x_wconf 71' lang='lat' dir='ltr'>vos</span> <span class='ocrx_word' id='word_1_35' title='bbox 1029 880 1137 926; x_wconf 88' lang='lat' dir='ltr'>duos</span> <span class='ocrx_word' id='word_1_36' title='bbox 1169 882 1382 927; x_wconf 62' lang='lat' dir='ltr'>asseritis?</span> <span class='ocrx_word' id='word_1_37' title='bbox 1417 884 1652 948; x_wconf 75' lang='lat' dir='ltr'>Nunquam</span> <span class='ocrx_word' id='word_1_38' title='bbox 1678 886 1724 931; x_wconf 89' lang='lat' dir='ltr'>in</span> 
     </span>
     <span class='ocr_line' id='line_1_6' title="bbox 344 952 1722 1018; baseline 0.003 -21"><span class='ocrx_word' id='word_1_39' title='bbox 344 954 500 999; x_wconf 89' lang='lat' dir='ltr'>nostris</span> <span class='ocrx_word' id='word_1_40' title='bbox 532 954 708 1018; x_wconf 87' lang='lat' dir='ltr'>quidem</span> <span class='ocrx_word' id='word_1_41' title='bbox 745 953 1050 998; x_wconf 75' lang='lat' dir='ltr'>assertionibus</span> <span class='ocrx_word' id='word_1_42' title='bbox 1091 952 1278 998; x_wconf 88' lang='lat' dir='ltr'>duorum</span> <span class='ocrx_word' id='word_1_43' title='bbox 1317 953 1496 999; x_wconf 88' lang='lat' dir='ltr'>deorum</span> <span class='ocrx_word' id='word_1_44' title='bbox 1524 955 1722 1001; x_wconf 88' lang='lat' dir='ltr'>auditum</span> 
     </span>
     <span class='ocr_line' id='line_1_7' title="bbox 342 1023 1715 1089; baseline 0.003 -20"><span class='ocrx_word' id='word_1_45' title='bbox 342 1035 404 1069; x_wconf 86' lang='lat' dir='ltr'>est</span> <span class='ocrx_word' id='word_1_46' title='bbox 448 1042 619 1072; x_wconf 88' lang='lat' dir='ltr'>nomen.</span> <span class='ocrx_word' id='word_1_47' title='bbox 659 1024 743 1070; x_wconf 85' lang='lat' dir='ltr'>Sed</span> <span class='ocrx_word' id='word_1_48' title='bbox 780 1035 825 1069; x_wconf 92' lang='lat' dir='ltr'>tu</span> <span class='ocrx_word' id='word_1_49' title='bbox 865 1024 979 1069; x_wconf 83' lang='lat' dir='ltr'>unde</span> <span class='ocrx_word' id='word_1_50' title='bbox 1012 1023 1097 1069; x_wconf 85' lang='lat' dir='ltr'>hoc</span> <span class='ocrx_word' id='word_1_51' title='bbox 1135 1026 1396 1087; x_wconf 83' lang='lat' dir='ltr'>suspicaris,</span> <span class='ocrx_word' id='word_1_52' title='bbox 1429 1026 1561 1089; x_wconf 83' lang='lat' dir='ltr'>cupio</span> <span class='ocrx_word' id='word_1_53' title='bbox 1595 1027 1715 1074; x_wconf 84' lang='lat' dir='ltr'>scire.</span> 
     </span>
     <span class='ocr_line' id='line_1_8' title="bbox 343 1095 1723 1160; baseline 0.001 -19"><span class='ocrx_word' id='word_1_54' title='bbox 343 1095 458 1151; x_wconf 86' lang='lat' dir='ltr'>Quia</span> <span class='ocrx_word' id='word_1_55' title='bbox 490 1097 704 1142; x_wconf 88' lang='lat' dir='ltr'>bonorum</span> <span class='ocrx_word' id='word_1_56' title='bbox 743 1095 1020 1141; x_wconf 84' lang='lat' dir='ltr'>etmalorum</span> <span class='ocrx_word' id='word_1_57' title='bbox 1046 1095 1133 1141; x_wconf 88' lang='lat' dir='ltr'>duo</span> <span class='ocrx_word' id='word_1_58' title='bbox 1172 1096 1389 1160; x_wconf 76' lang='lat' dir='ltr'>prinoipia</span> <span class='ocrx_word' id='word_1_59' title='bbox 1431 1097 1615 1143; x_wconf 81' lang='lat' dir='ltr'>traditis.</span> <span class='ocrx_word' id='word_1_60' title='bbox 1648 1098 1723 1143; x_wconf 74' lang='lat' dir='ltr'>list</span> 
     </span>
     <span class='ocr_line' id='line_1_9' title="bbox 344 1166 1722 1230; baseline 0.001 -19"><span class='ocrx_word' id='word_1_61' title='bbox 344 1167 520 1229; x_wconf 87' lang='lat' dir='ltr'>quidem</span> <span class='ocrx_word' id='word_1_62' title='bbox 542 1166 660 1230; x_wconf 87' lang='lat' dir='ltr'>quod</span> <span class='ocrx_word' id='word_1_63' title='bbox 682 1166 770 1211; x_wconf 92' lang='lat' dir='ltr'>duo</span> <span class='ocrx_word' id='word_1_64' title='bbox 795 1167 1013 1230; x_wconf 85' lang='lat' dir='ltr'>principia</span> <span class='ocrx_word' id='word_1_65' title='bbox 1032 1167 1311 1222; x_wconf 77' lang='lat' dir='ltr'>confitemur,</span> <span class='ocrx_word' id='word_1_66' title='bbox 1334 1167 1405 1212; x_wconf 91' lang='lat' dir='ltr'>sed</span> <span class='ocrx_word' id='word_1_67' title='bbox 1429 1184 1564 1213; x_wconf 91' lang='lat' dir='ltr'>unum</span> <span class='ocrx_word' id='word_1_68' title='bbox 1589 1185 1636 1213; x_wconf 77' lang='lat' dir='ltr'>ex</span> <span class='ocrx_word' id='word_1_69' title='bbox 1654 1167 1722 1214; x_wconf 79' lang='lat' dir='ltr'>his</span> 
     </span>
     <span class='ocr_line' id='line_1_10' title="bbox 343 1238 1723 1299; baseline 0.003 -18"><span class='ocrx_word' id='word_1_70' title='bbox 343 1238 482 1283; x_wconf 83' lang='lat' dir='ltr'>Deum</span> <span class='ocrx_word' id='word_1_71' title='bbox 511 1255 734 1291; x_wconf 76' lang='lat' dir='ltr'>vocamus,</span> <span class='ocrx_word' id='word_1_72' title='bbox 773 1238 954 1283; x_wconf 87' lang='lat' dir='ltr'>alterum</span> <span class='ocrx_word' id='word_1_73' title='bbox 995 1238 1166 1299; x_wconf 42' lang='lat' dir='ltr'>Hylen:</span> <span class='ocrx_word' id='word_1_74' title='bbox 1212 1248 1286 1283; x_wconf 90' lang='lat' dir='ltr'>aut</span> <span class='ocrx_word' id='word_1_75' title='bbox 1311 1249 1358 1283; x_wconf 91' lang='lat' dir='ltr'>ut</span> <span class='ocrx_word' id='word_1_76' title='bbox 1379 1239 1723 1285; x_wconf 84' lang='lat' dir='ltr'>communiteret</span> 
     </span>
     <span class='ocr_line' id='line_1_11' title="bbox 339 1307 1721 1372; baseline 0.001 -19"><span class='ocrx_word' id='word_1_77' title='bbox 339 1309 493 1354; x_wconf 82' lang='lat' dir='ltr'>usitate</span> <span class='ocrx_word' id='word_1_78' title='bbox 516 1308 713 1364; x_wconf 74' lang='lat' dir='ltr'>dixerim,</span> <span class='ocrx_word' id='word_1_79' title='bbox 738 1308 998 1354; x_wconf 56' lang='lat' dir='ltr'>daemonem.</span> <span class='ocrx_word' id='word_1_80' title='bbox 1034 1307 1166 1365; x_wconf 79' lang='lat' dir='ltr'>Quod</span> <span class='ocrx_word' id='word_1_81' title='bbox 1191 1308 1223 1353; x_wconf 89' lang='lat' dir='ltr'>si</span> <span class='ocrx_word' id='word_1_82' title='bbox 1255 1319 1300 1353; x_wconf 92' lang='lat' dir='ltr'>tu</span> <span class='ocrx_word' id='word_1_83' title='bbox 1329 1308 1416 1359; x_wconf 85' lang='lat' dir='ltr'>hoe</span> <span class='ocrx_word' id='word_1_84' title='bbox 1442 1320 1570 1372; x_wconf 87' lang='lat' dir='ltr'>putas</span> <span class='ocrx_word' id='word_1_85' title='bbox 1609 1310 1721 1356; x_wconf 85' lang='lat' dir='ltr'>duos</span> 
     </span>
     <span class='ocr_line' id='line_1_12' title="bbox 342 1379 1721 1442; baseline 0.001 -19"><span class='ocrx_word' id='word_1_86' title='bbox 342 1379 583 1439; x_wconf 78' lang='lat' dir='ltr'>significare</span> <span class='ocrx_word' id='word_1_87' title='bbox 607 1379 726 1435; x_wconf 74' lang='lat' dir='ltr'>deos,</span> <span class='ocrx_word' id='word_1_88' title='bbox 748 1379 911 1442; x_wconf 84' lang='lat' dir='ltr'>poteris</span> <span class='ocrx_word' id='word_1_89' title='bbox 935 1390 975 1424; x_wconf 90' lang='lat' dir='ltr'>et</span> <span class='ocrx_word' id='word_1_90' title='bbox 999 1379 1169 1424; x_wconf 80' lang='lat' dir='ltr'>medico</span> <span class='ocrx_word' id='word_1_91' title='bbox 1195 1379 1443 1442; x_wconf 76' lang='lat' dir='ltr'>disputante</span> <span class='ocrx_word' id='word_1_92' title='bbox 1473 1380 1721 1425; x_wconf 82' lang='lat' dir='ltr'>deinssrmi-</span> 
     </span>
     <span class='ocr_line' id='line_1_13' title="bbox 339 1448 1716 1512; baseline 0.001 -19"><span class='ocrx_word' id='word_1_93' title='bbox 339 1459 423 1494; x_wconf 84' lang='lat' dir='ltr'>tate</span> <span class='ocrx_word' id='word_1_94' title='bbox 442 1460 572 1512; x_wconf 84' lang='lat' dir='ltr'>atque</span> <span class='ocrx_word' id='word_1_95' title='bbox 592 1449 788 1501; x_wconf 81' lang='lat' dir='ltr'>sanitate,</span> <span class='ocrx_word' id='word_1_96' title='bbox 804 1448 912 1494; x_wconf 90' lang='lat' dir='ltr'>duas</span> <span class='ocrx_word' id='word_1_97' title='bbox 934 1448 1103 1494; x_wconf 87' lang='lat' dir='ltr'>easdem</span> <span class='ocrx_word' id='word_1_98' title='bbox 1121 1459 1277 1512; x_wconf 85' lang='lat' dir='ltr'>putare</span> <span class='ocrx_word' id='word_1_99' title='bbox 1301 1449 1500 1495; x_wconf 78' lang='lat' dir='ltr'>sanitates</span> <span class='ocrx_word' id='word_1_100' title='bbox 1517 1470 1526 1502; x_wconf 91' lang='lat'>;</span> <span class='ocrx_word' id='word_1_101' title='bbox 1555 1460 1596 1495; x_wconf 87' lang='lat' dir='ltr'>et</span> <span class='ocrx_word' id='word_1_102' title='bbox 1615 1467 1716 1495; x_wconf 87' lang='lat' dir='ltr'>cum</span> 
     </span>
     <span class='ocr_line' id='line_1_14' title="bbox 341 1519 1720 1583; baseline 0.001 -18"><span class='ocrx_word' id='word_1_103' title='bbox 341 1521 436 1582; x_wconf 85' lang='lat' dir='ltr'>quis</span> <span class='ocrx_word' id='word_1_104' title='bbox 462 1521 628 1565; x_wconf 86' lang='lat' dir='ltr'>bonum</span> <span class='ocrx_word' id='word_1_105' title='bbox 675 1520 870 1566; x_wconf 88' lang='lat' dir='ltr'>nominat</span> <span class='ocrx_word' id='word_1_106' title='bbox 891 1529 933 1564; x_wconf 91' lang='lat' dir='ltr'>et</span> <span class='ocrx_word' id='word_1_107' title='bbox 957 1520 1142 1575; x_wconf 87' lang='lat' dir='ltr'>malum,</span> <span class='ocrx_word' id='word_1_108' title='bbox 1175 1529 1221 1564; x_wconf 90' lang='lat' dir='ltr'>tu</span> <span class='ocrx_word' id='word_1_109' title='bbox 1244 1520 1406 1583; x_wconf 85' lang='lat' dir='ltr'>poteris</span> <span class='ocrx_word' id='word_1_110' title='bbox 1442 1519 1589 1566; x_wconf 90' lang='lat' dir='ltr'>eadem</span> <span class='ocrx_word' id='word_1_111' title='bbox 1631 1520 1720 1566; x_wconf 89' lang='lat' dir='ltr'>duo</span> 
     </span>
     <span class='ocr_line' id='line_1_15' title="bbox 339 1590 1719 1654; baseline 0.001 -19"><span class='ocrx_word' id='word_1_112' title='bbox 339 1602 493 1654; x_wconf 86' lang='lat' dir='ltr'>putare</span> <span class='ocrx_word' id='word_1_113' title='bbox 516 1591 660 1645; x_wconf 88' lang='lat' dir='ltr'>bona;</span> <span class='ocrx_word' id='word_1_114' title='bbox 690 1602 731 1636; x_wconf 91' lang='lat' dir='ltr'>et</span> <span class='ocrx_word' id='word_1_115' title='bbox 758 1591 932 1654; x_wconf 88' lang='lat' dir='ltr'>copiam</span> <span class='ocrx_word' id='word_1_116' title='bbox 958 1590 1135 1636; x_wconf 87' lang='lat' dir='ltr'>audieus</span> <span class='ocrx_word' id='word_1_117' title='bbox 1167 1601 1297 1654; x_wconf 86' lang='lat' dir='ltr'>atque</span> <span class='ocrx_word' id='word_1_118' title='bbox 1330 1602 1558 1651; x_wconf 78' lang='lat' dir='ltr'>egestatem</span> <span class='ocrx_word' id='word_1_119' title='bbox 1577 1628 1588 1646; x_wconf 91' lang='lat'>‚</span> <span class='ocrx_word' id='word_1_120' title='bbox 1610 1591 1719 1637; x_wconf 90' lang='lat' dir='ltr'>duas</span> 
     </span>
     <span class='ocr_line' id='line_1_16' title="bbox 339 1660 1714 1724; baseline 0 -18"><span class='ocrx_word' id='word_1_121' title='bbox 339 1661 507 1706; x_wconf 87' lang='lat' dir='ltr'>easdem</span> <span class='ocrx_word' id='word_1_122' title='bbox 534 1662 710 1724; x_wconf 81' lang='lat' dir='ltr'>putabis</span> <span class='ocrx_word' id='word_1_123' title='bbox 730 1662 892 1723; x_wconf 83' lang='lat' dir='ltr'>copias.</span> <span class='ocrx_word' id='word_1_124' title='bbox 916 1660 1049 1716; x_wconf 88' lang='lat' dir='ltr'>Quod</span> <span class='ocrx_word' id='word_1_125' title='bbox 1068 1661 1102 1705; x_wconf 87' lang='lat' dir='ltr'>si</span> <span class='ocrx_word' id='word_1_126' title='bbox 1120 1660 1230 1706; x_wconf 88' lang='lat' dir='ltr'>etde</span> <span class='ocrx_word' id='word_1_127' title='bbox 1248 1661 1348 1707; x_wconf 87' lang='lat' dir='ltr'>albo</span> <span class='ocrx_word' id='word_1_128' title='bbox 1365 1671 1406 1706; x_wconf 88' lang='lat' dir='ltr'>et</span> <span class='ocrx_word' id='word_1_129' title='bbox 1419 1662 1541 1721; x_wconf 84' lang='lat' dir='ltr'>nigro</span> <span class='ocrx_word' id='word_1_130' title='bbox 1563 1661 1714 1724; x_wconf 82' lang='lat' dir='ltr'>dispu-</span> 
     </span>
     <span class='ocr_line' id='line_1_17' title="bbox 341 1730 1718 1790; baseline 0.001 -14"><span class='ocrx_word' id='word_1_131' title='bbox 341 1742 454 1776; x_wconf 81' lang='lat' dir='ltr'>tante</span> <span class='ocrx_word' id='word_1_132' title='bbox 476 1749 559 1786; x_wconf 83' lang='lat' dir='ltr'>me,</span> <span class='ocrx_word' id='word_1_133' title='bbox 592 1742 631 1777; x_wconf 88' lang='lat' dir='ltr'>et</span> <span class='ocrx_word' id='word_1_134' title='bbox 655 1731 812 1790; x_wconf 81' lang='lat' dir='ltr'>frigido</span> <span class='ocrx_word' id='word_1_135' title='bbox 845 1741 887 1775; x_wconf 85' lang='lat' dir='ltr'>et</span> <span class='ocrx_word' id='word_1_136' title='bbox 914 1730 1056 1775; x_wconf 86' lang='lat' dir='ltr'>calido</span> <span class='ocrx_word' id='word_1_137' title='bbox 1074 1766 1085 1785; x_wconf 71' lang='lat'><em>‚</em></span> <span class='ocrx_word' id='word_1_138' title='bbox 1114 1741 1155 1775; x_wconf 87' lang='lat' dir='ltr'>et</span> <span class='ocrx_word' id='word_1_139' title='bbox 1181 1730 1301 1775; x_wconf 89' lang='lat' dir='ltr'>dulei</span> <span class='ocrx_word' id='word_1_140' title='bbox 1325 1741 1367 1775; x_wconf 87' lang='lat' dir='ltr'>et</span> <span class='ocrx_word' id='word_1_141' title='bbox 1391 1748 1536 1776; x_wconf 89' lang='lat' dir='ltr'>amaro</span> <span class='ocrx_word' id='word_1_142' title='bbox 1555 1768 1565 1785; x_wconf 86' lang='lat'>,</span> <span class='ocrx_word' id='word_1_143' title='bbox 1599 1731 1718 1777; x_wconf 83' lang='lat' dir='ltr'>dicas</span> 
     </span>
     <span class='ocr_line' id='line_1_18' title="bbox 337 1799 1713 1865; baseline -0.001 -18"><span class='ocrx_word' id='word_1_144' title='bbox 337 1803 439 1865; x_wconf 88' lang='lat' dir='ltr'>quia</span> <span class='ocrx_word' id='word_1_145' title='bbox 459 1802 546 1847; x_wconf 86' lang='lat' dir='ltr'>duo</span> <span class='ocrx_word' id='word_1_146' title='bbox 573 1802 670 1847; x_wconf 82' lang='lat' dir='ltr'>alba</span> <span class='ocrx_word' id='word_1_147' title='bbox 686 1839 696 1856; x_wconf 82' lang='grc'><em>,</em></span> <span class='ocrx_word' id='word_1_148' title='bbox 718 1812 758 1846; x_wconf 89' lang='lat' dir='ltr'>et</span> <span class='ocrx_word' id='word_1_149' title='bbox 784 1801 872 1846; x_wconf 90' lang='lat' dir='ltr'>duo</span> <span class='ocrx_word' id='word_1_150' title='bbox 890 1800 1049 1854; x_wconf 84' lang='lat' dir='ltr'>calida,</span> <span class='ocrx_word' id='word_1_151' title='bbox 1077 1811 1119 1845; x_wconf 87' lang='lat' dir='ltr'>et</span> <span class='ocrx_word' id='word_1_152' title='bbox 1142 1799 1230 1845; x_wconf 90' lang='lat' dir='ltr'>duo</span> <span class='ocrx_word' id='word_1_153' title='bbox 1254 1800 1398 1846; x_wconf 85' lang='lat' dir='ltr'>dulcia</span> <span class='ocrx_word' id='word_1_154' title='bbox 1430 1800 1713 1858; x_wconf 88' lang='lat' dir='ltr'>ostenderim,</span> 
     </span>
     <span class='ocr_line' id='line_1_19' title="bbox 337 1871 1716 1934; baseline 0 -17"><span class='ocrx_word' id='word_1_155' title='bbox 337 1890 480 1918; x_wconf 91' lang='lat' dir='ltr'>nonne</span> <span class='ocrx_word' id='word_1_156' title='bbox 504 1872 720 1918; x_wconf 60' lang='lat' dir='ltr'>videberis</span> <span class='ocrx_word' id='word_1_157' title='bbox 751 1873 906 1917; x_wconf 86' lang='lat' dir='ltr'>mentis</span> <span class='ocrx_word' id='word_1_158' title='bbox 938 1871 1081 1934; x_wconf 81' lang='lat' dir='ltr'>impos</span> <span class='ocrx_word' id='word_1_159' title='bbox 1098 1908 1108 1926; x_wconf 85' lang='lat'>‚</span> <span class='ocrx_word' id='word_1_160' title='bbox 1137 1881 1177 1915; x_wconf 87' lang='lat' dir='ltr'>et</span> <span class='ocrx_word' id='word_1_161' title='bbox 1200 1871 1365 1916; x_wconf 82' lang='lat' dir='ltr'>cerebri</span> <span class='ocrx_word' id='word_1_162' title='bbox 1399 1871 1578 1917; x_wconf 88' lang='lat' dir='ltr'>minime</span> <span class='ocrx_word' id='word_1_163' title='bbox 1596 1872 1685 1917; x_wconf 87' lang='lat' dir='ltr'>sani</span> <span class='ocrx_word' id='word_1_164' title='bbox 1697 1877 1716 1917; x_wconf 73' lang='grc' dir='ltr'>ἒ)</span> 
     </span>
     <span class='ocr_line' id='line_1_20' title="bbox 338 1941 1715 2007; baseline 0 -18"><span class='ocrx_word' id='word_1_165' title='bbox 338 1944 409 1989; x_wconf 85' lang='lat' dir='ltr'>Sic</span> <span class='ocrx_word' id='word_1_166' title='bbox 428 1955 468 1989; x_wconf 88' lang='lat' dir='ltr'>ct</span> <span class='ocrx_word' id='word_1_167' title='bbox 489 1961 589 1989; x_wconf 88' lang='lat' dir='ltr'>cum</span> <span class='ocrx_word' id='word_1_168' title='bbox 612 1944 698 1989; x_wconf 92' lang='lat' dir='ltr'>duo</span> <span class='ocrx_word' id='word_1_169' title='bbox 722 1943 940 2007; x_wconf 84' lang='lat' dir='ltr'>principia</span> <span class='ocrx_word' id='word_1_170' title='bbox 965 1941 1118 1997; x_wconf 78' lang='lat' dir='ltr'>doceo,</span> <span class='ocrx_word' id='word_1_171' title='bbox 1168 1943 1306 1988; x_wconf 91' lang='lat' dir='ltr'>Deum</span> <span class='ocrx_word' id='word_1_172' title='bbox 1347 1953 1389 1987; x_wconf 89' lang='lat' dir='ltr'>et</span> <span class='ocrx_word' id='word_1_173' title='bbox 1426 1942 1588 2005; x_wconf 52' lang='lat' dir='ltr'>Hylen,</span> <span class='ocrx_word' id='word_1_174' title='bbox 1628 1960 1715 1989; x_wconf 91' lang='lat' dir='ltr'>non</span> 
     </span>
     <span class='ocr_line' id='line_1_21' title="bbox 336 2013 1714 2078; baseline -0.001 -17"><span class='ocrx_word' id='word_1_175' title='bbox 336 2015 501 2061; x_wconf 86' lang='lat' dir='ltr'>idcirco</span> <span class='ocrx_word' id='word_1_176' title='bbox 520 2015 751 2075; x_wconf 74' lang='lat' dir='ltr'>viderijam</span> <span class='ocrx_word' id='word_1_177' title='bbox 769 2014 906 2060; x_wconf 85' lang='lat' dir='ltr'>debeo</span> <span class='ocrx_word' id='word_1_178' title='bbox 922 2013 1003 2058; x_wconf 88' lang='lat' dir='ltr'>tibi</span> <span class='ocrx_word' id='word_1_179' title='bbox 1022 2013 1131 2059; x_wconf 91' lang='lat' dir='ltr'>duos</span> <span class='ocrx_word' id='word_1_180' title='bbox 1146 2013 1368 2060; x_wconf 86' lang='lat' dir='ltr'>ostendere</span> <span class='ocrx_word' id='word_1_181' title='bbox 1386 2013 1501 2060; x_wconf 88' lang='lat' dir='ltr'>deos.</span> <span class='ocrx_word' id='word_1_182' title='bbox 1525 2020 1591 2060; x_wconf 81' lang='lat' dir='ltr'>An</span> <span class='ocrx_word' id='word_1_183' title='bbox 1610 2015 1714 2078; x_wconf 87' lang='lat' dir='ltr'>quia</span> 
     </span>
     <span class='ocr_line' id='line_1_22' title="bbox 335 2084 1713 2146; baseline -0.001 -15"><span class='ocrx_word' id='word_1_184' title='bbox 335 2086 422 2132; x_wconf 69' lang='lat' dir='ltr'>vim</span> <span class='ocrx_word' id='word_1_185' title='bbox 454 2103 625 2132; x_wconf 89' lang='lat' dir='ltr'>omnem</span> <span class='ocrx_word' id='word_1_186' title='bbox 650 2085 890 2130; x_wconf 83' lang='lat' dir='ltr'>maleficam</span> <span class='ocrx_word' id='word_1_187' title='bbox 916 2084 1044 2146; x_wconf 49' lang='lat' dir='ltr'>Hylae</span> <span class='ocrx_word' id='word_1_188' title='bbox 1069 2084 1335 2145; x_wconf 85' lang='lat' dir='ltr'>assignamus</span> <span class='ocrx_word' id='word_1_189' title='bbox 1354 2122 1364 2139; x_wconf 87' lang='lat'>‚</span> <span class='ocrx_word' id='word_1_190' title='bbox 1405 2095 1445 2130; x_wconf 88' lang='lat' dir='ltr'>et</span> <span class='ocrx_word' id='word_1_191' title='bbox 1470 2084 1713 2130; x_wconf 86' lang='lat' dir='ltr'>beneficam</span> 
     </span>
     <span class='ocr_line' id='line_1_23' title="bbox 334 2153 1711 2217; baseline -0.001 -18"><span class='ocrx_word' id='word_1_192' title='bbox 334 2157 443 2207; x_wconf 82' lang='lat' dir='ltr'>Deo,</span> <span class='ocrx_word' id='word_1_193' title='bbox 468 2166 516 2200; x_wconf 92' lang='lat' dir='ltr'>ut</span> <span class='ocrx_word' id='word_1_194' title='bbox 530 2155 747 2214; x_wconf 79' lang='lat' dir='ltr'>congruit,</span> <span class='ocrx_word' id='word_1_195' title='bbox 764 2153 930 2198; x_wconf 77' lang='lat' dir='ltr'>idcireo</span> <span class='ocrx_word' id='word_1_196' title='bbox 945 2153 1058 2199; x_wconf 90' lang='lat' dir='ltr'>nihil</span> <span class='ocrx_word' id='word_1_197' title='bbox 1078 2154 1279 2199; x_wconf 87' lang='lat' dir='ltr'>interesse</span> <span class='ocrx_word' id='word_1_198' title='bbox 1297 2163 1444 2217; x_wconf 86' lang='lat' dir='ltr'>putas,</span> <span class='ocrx_word' id='word_1_199' title='bbox 1472 2171 1526 2199; x_wconf 91' lang='lat' dir='ltr'>an</span> <span class='ocrx_word' id='word_1_200' title='bbox 1544 2164 1711 2199; x_wconf 88' lang='lat' dir='ltr'>utrum-</span> 
     </span>
     <span class='ocr_line' id='line_1_24' title="bbox 334 2224 1710 2291; baseline -0.001 -19"><span class='ocrx_word' id='word_1_201' title='bbox 334 2243 420 2291; x_wconf 86' lang='lat' dir='ltr'>que</span> <span class='ocrx_word' id='word_1_202' title='bbox 433 2243 580 2271; x_wconf 86' lang='lat' dir='ltr'>eorum</span> <span class='ocrx_word' id='word_1_203' title='bbox 601 2242 804 2270; x_wconf 68' lang='lat' dir='ltr'>vocemus</span> <span class='ocrx_word' id='word_1_204' title='bbox 816 2225 984 2270; x_wconf 65' lang='lat' dir='ltr'>Deum?</span> <span class='ocrx_word' id='word_1_205' title='bbox 1001 2224 1134 2281; x_wconf 87' lang='lat' dir='ltr'>Quod</span> <span class='ocrx_word' id='word_1_206' title='bbox 1159 2225 1191 2270; x_wconf 91' lang='lat' dir='ltr'>si</span> <span class='ocrx_word' id='word_1_207' title='bbox 1213 2225 1272 2270; x_wconf 88' lang='lat' dir='ltr'>ita</span> <span class='ocrx_word' id='word_1_208' title='bbox 1293 2235 1370 2279; x_wconf 88' lang='lat' dir='ltr'>cst,</span> <span class='ocrx_word' id='word_1_209' title='bbox 1394 2225 1556 2288; x_wconf 85' lang='lat' dir='ltr'>poteris</span> <span class='ocrx_word' id='word_1_210' title='bbox 1581 2235 1622 2270; x_wconf 89' lang='lat' dir='ltr'>et</span> <span class='ocrx_word' id='word_1_211' title='bbox 1641 2241 1710 2270; x_wconf 82' lang='lat' dir='ltr'>ve-</span> 
     </span>
     <span class='ocr_line' id='line_1_25' title="bbox 335 2295 1709 2358; baseline -0.002 -16"><span class='ocrx_word' id='word_1_212' title='bbox 335 2314 497 2342; x_wconf 88' lang='lat' dir='ltr'>nenum</span> <span class='ocrx_word' id='word_1_213' title='bbox 522 2295 700 2341; x_wconf 85' lang='lat' dir='ltr'>audiens</span> <span class='ocrx_word' id='word_1_214' title='bbox 722 2306 762 2340; x_wconf 89' lang='lat' dir='ltr'>et</span> <span class='ocrx_word' id='word_1_215' title='bbox 783 2295 1050 2350; x_wconf 82' lang='lat' dir='ltr'>antidotum,</span> <span class='ocrx_word' id='word_1_216' title='bbox 1076 2295 1187 2340; x_wconf 89' lang='lat' dir='ltr'>nihil</span> <span class='ocrx_word' id='word_1_217' title='bbox 1226 2295 1424 2340; x_wconf 87' lang='lat' dir='ltr'>interesse</span> <span class='ocrx_word' id='word_1_218' title='bbox 1458 2305 1631 2358; x_wconf 82' lang='lat' dir='ltr'>putare,</span> <span class='ocrx_word' id='word_1_219' title='bbox 1654 2312 1709 2340; x_wconf 90' lang='lat' dir='ltr'>an</span> 
     </span>
     <span class='ocr_line' id='line_1_26' title="bbox 335 2364 1709 2429; baseline -0.001 -17"><span class='ocrx_word' id='word_1_220' title='bbox 335 2377 569 2429; x_wconf 87' lang='lat' dir='ltr'>utrumque</span> <span class='ocrx_word' id='word_1_221' title='bbox 593 2376 770 2411; x_wconf 69' lang='lat' dir='ltr'>vocetur</span> <span class='ocrx_word' id='word_1_222' title='bbox 796 2365 1059 2415; x_wconf 78' lang='lat' dir='ltr'>antidotum,</span> <span class='ocrx_word' id='word_1_223' title='bbox 1079 2365 1181 2429; x_wconf 88' lang='lat' dir='ltr'>quia</span> <span class='ocrx_word' id='word_1_224' title='bbox 1197 2376 1432 2428; x_wconf 89' lang='lat' dir='ltr'>utrumque</span> <span class='ocrx_word' id='word_1_225' title='bbox 1455 2382 1600 2410; x_wconf 90' lang='lat' dir='ltr'>eorum</span> <span class='ocrx_word' id='word_1_226' title='bbox 1618 2364 1709 2410; x_wconf 75' lang='lat' dir='ltr'>vim</span> 
     </span>
     <span class='ocr_line' id='line_1_27' title="bbox 333 2435 1707 2500; baseline -0.002 -18"><span class='ocrx_word' id='word_1_227' title='bbox 333 2454 453 2482; x_wconf 88' lang='lat' dir='ltr'>suam</span> <span class='ocrx_word' id='word_1_228' title='bbox 479 2437 639 2482; x_wconf 86' lang='lat' dir='ltr'>habeat</span> <span class='ocrx_word' id='word_1_229' title='bbox 658 2473 668 2492; x_wconf 86' lang='lat'>‚</span> <span class='ocrx_word' id='word_1_230' title='bbox 697 2446 931 2500; x_wconf 83' lang='lat' dir='ltr'>utrumque</span> <span class='ocrx_word' id='word_1_231' title='bbox 960 2447 1057 2497; x_wconf 83' lang='lat' dir='ltr'>agat</span> <span class='ocrx_word' id='word_1_232' title='bbox 1087 2435 1251 2499; x_wconf 85' lang='lat' dir='ltr'>aliquid</span> <span class='ocrx_word' id='word_1_233' title='bbox 1281 2447 1323 2481; x_wconf 86' lang='lat' dir='ltr'>et</span> <span class='ocrx_word' id='word_1_234' title='bbox 1361 2446 1588 2499; x_wconf 83' lang='lat' dir='ltr'>operetur:</span> <span class='ocrx_word' id='word_1_235' title='bbox 1628 2451 1707 2479; x_wconf 88' lang='lat' dir='ltr'>nec</span> 
     </span>
     <span class='ocr_line' id='line_1_28' title="bbox 331 2505 1706 2569; baseline -0.001 -17"><span class='ocrx_word' id='word_1_236' title='bbox 331 2524 418 2552; x_wconf 88' lang='lat' dir='ltr'>non</span> <span class='ocrx_word' id='word_1_237' title='bbox 438 2517 479 2552; x_wconf 88' lang='lat' dir='ltr'>et</span> <span class='ocrx_word' id='word_1_238' title='bbox 515 2505 732 2551; x_wconf 91' lang='lat' dir='ltr'>medicum</span> <span class='ocrx_word' id='word_1_239' title='bbox 753 2506 931 2552; x_wconf 88' lang='lat' dir='ltr'>audiens</span> <span class='ocrx_word' id='word_1_240' title='bbox 953 2523 1002 2552; x_wconf 89' lang='lat' dir='ltr'>ac</span> <span class='ocrx_word' id='word_1_241' title='bbox 1021 2505 1321 2561; x_wconf 88' lang='lat' dir='ltr'>venenarium,</span> <span class='ocrx_word' id='word_1_242' title='bbox 1351 2516 1555 2569; x_wconf 89' lang='lat' dir='ltr'>utrosque</span> <span class='ocrx_word' id='word_1_243' title='bbox 1571 2522 1706 2550; x_wconf 80' lang='lat' dir='ltr'>voca-</span> 
     </span>
     <span class='ocr_line' id='line_1_29' title="bbox 332 2575 1706 2639; baseline -0.001 -17"><span class='ocrx_word' id='word_1_244' title='bbox 332 2577 399 2623; x_wconf 81' lang='lat' dir='ltr'>bis</span> <span class='ocrx_word' id='word_1_245' title='bbox 421 2576 608 2622; x_wconf 87' lang='lat' dir='ltr'>medicos</span> <span class='ocrx_word' id='word_1_246' title='bbox 631 2594 642 2621; x_wconf 78' lang='lat' dir='ltr'>t</span> <span class='ocrx_word' id='word_1_247' title='bbox 667 2587 709 2622; x_wconf 89' lang='lat' dir='ltr'>et</span> <span class='ocrx_word' id='word_1_248' title='bbox 743 2580 912 2636; x_wconf 85' lang='lat' dir='ltr'>justum</span> <span class='ocrx_word' id='word_1_249' title='bbox 938 2576 1116 2622; x_wconf 86' lang='lat' dir='ltr'>audiens</span> <span class='ocrx_word' id='word_1_250' title='bbox 1143 2586 1270 2639; x_wconf 88' lang='lat' dir='ltr'>atque</span> <span class='ocrx_word' id='word_1_251' title='bbox 1289 2575 1520 2636; x_wconf 87' lang='lat' dir='ltr'>injustum,</span> <span class='ocrx_word' id='word_1_252' title='bbox 1546 2575 1706 2639; x_wconf 89' lang='lat' dir='ltr'>poteris</span> 
     </span>
     <span class='ocr_line' id='line_1_30' title="bbox 331 2645 1692 2712; baseline -0.001 -18"><span class='ocrx_word' id='word_1_253' title='bbox 331 2658 537 2711; x_wconf 87' lang='lat' dir='ltr'>utrosque</span> <span class='ocrx_word' id='word_1_254' title='bbox 561 2664 716 2694; x_wconf 86' lang='lat' dir='ltr'>vocare</span> <span class='ocrx_word' id='word_1_255' title='bbox 736 2651 893 2708; x_wconf 79' lang='lat' dir='ltr'>just05‚</span> <span class='ocrx_word' id='word_1_256' title='bbox 920 2648 1023 2712; x_wconf 82' lang='lat' dir='ltr'>quia</span> <span class='ocrx_word' id='word_1_257' title='bbox 1043 2657 1223 2710; x_wconf 90' lang='lat' dir='ltr'>uterque</span> <span class='ocrx_word' id='word_1_258' title='bbox 1241 2663 1392 2694; x_wconf 88' lang='lat' dir='ltr'>eorum</span> <span class='ocrx_word' id='word_1_259' title='bbox 1409 2645 1571 2711; x_wconf 89' lang='lat' dir='ltr'>aliquid</span> <span class='ocrx_word' id='word_1_260' title='bbox 1583 2655 1692 2708; x_wconf 86' lang='lat' dir='ltr'>agat.</span> 
     </span>
    </p>
   </div>
  </div>
 </body>
</html>
