1795 3253
327 293 414 339 182
736 303 771 335 s,
814 302 1058 336 mausum
1093 304 1295 335 Er1scor1

318 370 542 421 interitum
567 368 824 421 hominum,
861 369 934 416 sed
959 370 1014 415 ad
1045 370 1305 416 medicinam
1339 371 1481 419 valere
1516 374 1698 420 creden-

318 441 428 487 dum
445 450 508 485 est
530 458 540 485 ε
564 455 695 503 quam
723 439 800 502 qui
825 440 1068 502 respuerint
1089 477 1100 494 ‚
1130 449 1315 486 extremo
1339 442 1557 504 supplicio
1582 459 1701 506 prae-

320 520 546 574 parantur.
584 510 866 572 Quapropter
903 526 1002 554 cum
1033 510 1078 554 in
1105 509 1190 554 hac
1219 509 1493 556 universitate
1524 529 1668 557 rerum
1687 548 1698 567 ‚

320 581 404 626 alia
438 581 522 626 sint
558 596 659 643 quae
693 579 837 626 valent
873 578 930 625 ad
966 579 1235 642 corporalem
1281 579 1521 626 vindictam
1541 619 1551 637 ‚
1591 584 1704 628 sicut

317 650 429 710 ignis
444 686 454 704 ‚
476 660 517 695 et
533 666 748 696 venenum
761 685 772 704 ,
794 659 837 694 et
857 648 1039 693 morbus
1058 685 1068 703 ‚
1087 658 1128 693 et
1148 659 1303 694 caetera
1321 649 1573 709 hujusmodi
1592 671 1602 704 ;
1623 651 1705 696 alia

319 720 483 784 quibus
500 719 620 784 apud
636 736 679 766 se
694 719 840 784 ipsum
866 736 954 765 non
978 719 1184 765 molestiis
1203 719 1399 782 corporis
1418 720 1483 766 sui
1502 757 1512 776 ,
1536 720 1609 766 sed
1631 737 1706 766 cu-

321 790 561 854 piditatum
592 805 768 836 suarum
800 789 964 853 laqueis
997 790 1164 834 animus
1201 789 1439 851 puniatur,
1478 791 1605 836 sicuti
1646 801 1708 836 est

324 861 559 918 damnum,
586 860 758 906 exilium
776 898 786 916 ‚
817 861 980 906 orbitas
997 897 1007 917 ‚
1043 860 1303 907 contumelia
1321 897 1331 915 ,
1359 870 1401 906 et
1427 860 1496 906 his
1522 861 1704 916 similia;

325 930 531 994 quaedam
549 947 650 976 vero
670 946 757 975 non
779 930 863 975 sint
881 930 1202 985 cruciamenta,
1224 929 1296 974 sed
1317 930 1439 991 quasi
1458 929 1648 975 fomenta
1667 940 1710 975 et

325 1000 561 1046 lenimenta
584 1000 881 1059 languentium
897 1036 908 1055 ‚
937 1010 986 1045 ut
1013 1009 1113 1045 sunt
1135 999 1475 1055 consolationes,
1500 999 1710 1045 cohorta-

328 1070 466 1115 tiones
482 1107 493 1126 ‚
519 1069 837 1133 disputationes
854 1107 865 1126 ‚
886 1080 930 1115 et
957 1086 1249 1133 quaecumque
1275 1080 1373 1115 sunt
1398 1070 1526 1123 talia3
1551 1071 1710 1116 horum

328 1140 528 1186 omnium
557 1140 760 1203 quaedam
790 1140 918 1185 etiam
960 1157 1038 1203 per
1074 1140 1208 1185 malos
1241 1140 1475 1185 nescientes
1509 1151 1714 1203 operatur

327 1226 499 1255 summa
519 1210 597 1255 Dei
616 1210 784 1269 justitia
801 1247 812 1265 ,
839 1209 1042 1273 quaedam
1078 1221 1221 1255 autem
1247 1227 1325 1273 per
1352 1211 1529 1255 scientes
1554 1210 1706 1256 bonos.

332 1280 540 1326 Nostrum
560 1280 694 1339 igitur
714 1280 798 1326 fuit
816 1280 970 1340 eligere
989 1292 1029 1325 et
1054 1291 1204 1343 optare
1232 1279 1408 1326 meliora
1424 1318 1434 1337 ,
1464 1291 1510 1326 ut
1539 1280 1593 1325 ad
1618 1297 1715 1326 ves-

331 1361 444 1396 tram
468 1351 781 1397 correctionem
815 1350 983 1396 aditum
1015 1351 1299 1400 haberemus,
1338 1368 1426 1396 non
1455 1351 1499 1396 in
1531 1362 1716 1397 conten-

332 1423 448 1468 tione
470 1433 513 1468 et
544 1422 821 1468 aemulatione
855 1432 897 1467 et
929 1421 1330 1485 persecutionibus1
1349 1459 1360 1478 ,
1401 1422 1472 1467 sed
1500 1433 1717 1468 mansuete

336 1491 626 1547 consolando,
664 1491 872 1538 benevole
905 1490 1181 1537 cohortando
1198 1528 1208 1546 ‚
1240 1490 1393 1537 leniter
1411 1491 1678 1555 disputando
1702 1509 1714 1536 z

338 1563 450 1609 sicut
470 1563 686 1626 scriptum
712 1573 774 1607 est
796 1580 806 1606 ε
834 1583 854 1604 «
878 1564 1057 1608 Servum
1079 1573 1221 1608 autem
1244 1562 1420 1608 Domini
1441 1579 1528 1608 non
1550 1572 1720 1625 oportet

336 1633 545 1693 »litigare
560 1670 571 1688 ‚
595 1632 667 1678 sed
689 1633 835 1678 mitem
860 1649 946 1678 esse
970 1632 1022 1677 ad
1048 1649 1220 1688 omnes,
1249 1632 1484 1678 docibilem
1506 1669 1516 1687 ‚
1546 1633 1720 1695 patien—

338 1724 360 1746 »
380 1714 464 1749 tem
481 1740 492 1759 ‚
530 1703 574 1751 in
608 1702 817 1748 modestia
853 1703 1161 1765 corripientem
1198 1702 1365 1747 diversa
1406 1703 1674 1749 sentientes2.
1700 1724 1721 1744 »

341 1775 548 1820 Nostrum
570 1790 672 1834 ergo
692 1771 779 1819 fuit
795 1772 906 1819 velle
929 1773 1008 1817 has
1035 1783 1181 1836 partes
1203 1782 1398 1836 expetere
1420 1790 1431 1817 ε
1457 1773 1536 1819 Dei
1560 1783 1623 1819 est
1641 1790 1722 1820 vo-

338 1844 530 1891 lentibus
547 1853 590 1889 et
609 1843 862 1906 petentibus
880 1842 1046 1888 donare
1068 1842 1189 1906 quod
1209 1843 1375 1887 bonum
1401 1853 1475 1889 est.

407 1915 466 1961 ll.
508 1914 578 1960 llli
603 1914 647 1960 in
669 1930 744 1961 vos
771 1913 950 1959 saeviant
967 1950 978 1969 ‚
1006 1912 1082 1975 qui
1113 1913 1312 1958 nesciunt
1335 1929 1437 1958 cum
1465 1930 1552 1976 quo
1572 1914 1724 1960 labore

340 2002 492 2032 verum
515 1985 782 2039 inveniatur,
819 1995 861 2029 et
894 2001 1027 2047 quam
1063 1983 1239 2029 difficile
1277 1994 1512 2029 caveantur
1543 2001 1716 2031 errores,

342 2056 411 2102 llli
433 2056 478 2102 in
501 2072 578 2102 vos
597 2055 801 2109 saeviant,
825 2054 902 2117 qui
920 2055 1121 2099 nesciunt
1140 2071 1270 2116 quam
1296 2071 1443 2099 rarum
1471 2065 1512 2099 et
1540 2055 1725 2100 arduum

342 2128 397 2172 sit
416 2125 605 2172 carnalia
624 2125 931 2189 phantasmata
953 2125 1041 2187 piae
1070 2124 1224 2169 mentis
1255 2124 1478 2170 serenitate
1502 2141 1718 2188 superare.

343 2197 413 2257 llti
434 2196 479 2242 in
496 2212 573 2242 vos
594 2195 797 2251 saeviant,
823 2194 899 2258 qui
929 2194 1126 2240 nesciunt
1145 2210 1245 2240 cum
1279 2206 1443 2258 quanta
1472 2195 1727 2241 difficultate

335 2276 517 2329 ⁴sanetur
538 2265 691 2312 oculus
714 2264 929 2312 interioris
954 2263 1143 2310 hominis
1160 2301 1170 2320 ‚
1194 2275 1242 2310 ut
1258 2265 1394 2328 possit
1418 2265 1577 2311 intueri
1595 2265 1727 2311 solem

344 2354 471 2384 suum
495 2354 506 2382 ε
536 2353 623 2382 non
642 2337 771 2382 istum
790 2352 918 2401 quem
936 2352 1013 2382 vos
1036 2335 1177 2381 colitis
1201 2335 1366 2381 coelesti
1391 2353 1573 2400 corpore
1591 2373 1602 2391 ‚
1626 2353 1728 2382 ocu-

342 2407 395 2454 lis
419 2407 585 2454 carneis
601 2417 643 2452 et
663 2407 894 2453 hominum
919 2417 962 2451 et
984 2423 1193 2469 pecorum
1227 2405 1465 2466 fulgentem
1501 2417 1630 2470 atque
1653 2424 1728 2452 ra-

344 2478 537 2525 diantem
563 2495 575 2523 ε
597 2477 669 2524 sed
688 2477 812 2523 illum
830 2476 883 2523 de
907 2493 995 2540 quo
1014 2477 1227 2540 scriptum
1248 2488 1308 2522 est
1321 2494 1399 2540 per
1425 2477 1692 2541 Prophetam
1714 2494 1725 2521 ι

347 2570 369 2590 «
390 2549 527 2595 Ortus
548 2558 611 2595 est
638 2548 747 2595 mihi
761 2548 945 2608 justitiae
964 2547 1082 2594 Sol-².
1110 2570 1129 2589 »
1153 2549 1209 2593 Et
1228 2547 1280 2593 de
1297 2564 1386 2611 quo
1407 2547 1576 2597 dictum
1604 2557 1666 2594 est
1684 2547 1729 2596 in

394 2634 404 2656 ¹
426 2635 521 2666 Rom.
543 2642 619 2672 xxxi,
642 2633 695 2665 13.
712 2648 757 2655 —
772 2629 788 2654 2
811 2642 827 2662 2
843 2630 927 2665 Tim,
951 2641 987 2669 n,
1004 2636 1059 2667 23.
1078 2645 1121 2655 —e
1142 2627 1157 2653 3
1175 2628 1314 2662 Malach.
1335 2640 1376 2670 rr,
1399 2640 1431 2666 2.
