1795 3253
25 0 32 113 l

23 115 27 189 l

265 264 439 299 CONTRA
475 263 723 297 EPISTOLAM
758 263 1017 305 MANlcnffil,
1057 266 1139 295 [ΑΒ.
1186 266 1214 295 1.
1355 265 1448 311 ‘219

21 190 24 224 l

18 231 23 291 l

12 293 20 429 l
68 333 310 398 superbum
333 350 419 379 esse
442 332 652 396 bipedum
678 349 808 393 genus
826 349 836 376 t
854 332 960 377 hinc
984 331 1098 377 enim
1130 330 1327 378 homiues
1357 330 1448 377 ori-

12 432 15 449 1
69 405 211 465 ginem
246 405 417 450 trahere
447 403 602 450 dicunt
629 422 639 448 :
668 414 711 448 et
742 403 951 466 quoniam
984 402 1132 448 sumus
1167 402 1370 462 globosus
1402 411 1444 447 et

68 474 193 538 quasi
225 474 420 520 tumidus
450 473 496 519 in
531 491 656 519 auras
685 474 880 533 erigitur,
918 473 1114 535 superbis
1149 490 1233 517 esse
1264 472 1448 518 similem

66 562 153 595 non
172 544 358 590 absurde
379 544 670 591 attenderunt.
701 545 813 600 Quae
833 543 1146 589 animadversio
1164 542 1355 588 sufficere
1375 542 1447 588 de-

3 634 6 674 3
65 614 166 662 buit
190 615 245 662 ad
273 616 465 679 aliquam
491 615 819 662 similitudinem
845 615 1036 660 dandam
1061 614 1114 661 de
1139 614 1336 678 superbis
1360 614 1447 659 ho·-

0 675 6 736 l
65 686 260 732 minibus
277 724 288 743 ,
314 687 401 733 sive
427 686 673 747 allegoriam
698 685 766 732 vel
800 685 1075 732 formandam
1100 686 1167 732 vel
1198 684 1445 745 intelligen-

0 737 3 785 Γ
65 757 167 802 (lam
187 774 302 803 :non
328 768 474 803 tamen
502 768 551 803 ut
582 758 679 803 ideo
704 756 885 821 bipedes
909 757 1145 802 animantes
1175 757 1220 802 in
1244 754 1368 801 fumo
1404 765 1447 800 et

64 827 117 873 de
148 827 270 873 fumo
294 829 385 874 nati
415 846 501 874 esse
531 829 777 875 credantur.
822 829 932 873 Nam
967 838 1008 873 et
1037 827 1083 872 in
1112 827 1292 890 pulvere
1326 826 1445 872 nasci

64 898 334 956 debuerunt,
375 900 477 963 quia
512 917 626 964 saepe
657 917 745 945 non
781 900 946 945 minore
986 898 1157 944 ambitu
1190 908 1232 943 et
1262 897 1445 942 elatione

62 970 198 1030 surgit
216 970 262 1017 in
287 971 474 1025 coelum;
501 972 607 1017 etin
633 971 821 1028 nebulis,
844 971 946 1035 quia
973 970 1232 1033 plerumque
1257 968 1310 1015 de
1330 979 1444 1014 terra

60 1039 121 1085 ita
144 1040 418 1098 exhalantur,
455 1053 502 1088 ut
527 1041 652 1102 longe
676 1042 948 1087 intuentibus
975 1041 1188 1086 incertum
1219 1039 1348 1085 etiam
1379 1038 1440 1084 fa-

61 1111 195 1167 ciant,
214 1110 437 1158 fumus-ne
462 1131 518 1158 an
540 1112 712 1159 nebulae
731 1112 830 1159 sint.
853 1113 1076 1157 Postremo
1098 1110 1237 1156 curin
1256 1109 1378 1173 aquis
1401 1119 1443 1154 et

60 1182 197 1227 ventis
218 1182 273 1228 de
293 1183 528 1229 habitandi
559 1183 770 1247 patientia
795 1183 847 1229 ad
878 1183 1145 1228 habitatores
1172 1181 1356 1227 ductum
1381 1190 1444 1226 est

60 1264 381 1311 argumentum,
410 1254 514 1317 quia
539 1253 737 1300 videmus
766 1264 807 1299 ct
837 1253 1032 1299 natantia
1059 1253 1104 1298 in
1132 1251 1271 1315 aquis,
1297 1262 1340 1296 et
1361 1268 1446 1296 vo«

57 1321 191 1369 lantia
208 1324 255 1370 in
274 1326 413 1372 ventis
437 1326 580 1372 vivere
599 1326 738 1385 :ignis
764 1343 865 1371 vero
892 1335 933 1370 et
953 1325 1098 1370 fumus
1121 1341 1208 1369 non
1232 1322 1441 1369 deterruit

57 1391 282 1440 hominem
306 1396 605 1449 mentientem,
632 1406 680 1442 ut
702 1396 887 1459 puderet
910 1413 1008 1441 eum
1038 1395 1141 1440 tales
1169 1394 1233 1440 ibi
1259 1393 1439 1439 liabita-

58 1473 169 1510 tores
188 1466 472 1523 constituere,
500 1467 664 1531 quibus
687 1467 800 1513 nihil
824 1467 1158 1512 constitueretur
1179 1464 1410 1510 absurdius
1420 1468 1438 1509 ἒ)

56 1534 168 1579 Nam
202 1536 535 1600 quadrupedem
572 1537 682 1597 ignis
714 1537 910 1583 incendit
934 1548 1063 1600 atque
1098 1534 1360 1598 corrumpit,
1397 1545 1439 1579 et

52 1604 235 1668 bipedes
255 1606 583 1663 fumusoffocat
601 1618 733 1671 atque
757 1619 895 1655 necat.
928 1608 1007 1654 Vel
1027 1607 1101 1653 hic
1126 1618 1240 1653 certe
1268 1605 1438 1666 cogitur

53 1675 195 1734 fateri,
219 1695 262 1724 se
279 1679 475 1725 meliores
501 1678 642 1724 dicere
667 1681 713 1724 in
740 1691 863 1738 gente
889 1680 1165 1724 tenebrarum
1191 1678 1291 1723 istas
1309 1677 1438 1724 fuisse

55 1757 247 1804 naturas,
270 1749 347 1794 ubi
362 1749 456 1796 vult
475 1749 620 1795 onmia
637 1754 789 1812 pejora
806 1750 940 1796 credi.
965 1748 1189 1813 Siquidem
1209 1748 1273 1794 ibi
1286 1749 1436 1809 gigne-

54 1817 132 1863 bat
148 1817 258 1877 ignis
272 1818 603 1883 quadrupedem
621 1830 663 1865 et
682 1820 922 1876 nutriebat,
941 1830 982 1865 et
1000 1819 1254 1865 continebat
1267 1819 1438 1865 innoxie

54 1888 120 1933 vel
142 1889 271 1934 etiam
292 1890 655 1938 commodissime.
682 1891 890 1937 Similiter
909 1902 950 1937 et
972 1890 1120 1936 sumus
1140 1889 1321 1953 bipedes
1339 1907 1437 1936 suos

55 1957 384 2018 clementissimo
406 1961 503 2007 sinu
532 1961 686 2017 editos,
719 1979 808 2007 non
842 1962 979 2007 solum
1012 1961 1099 2006 sine
1125 1960 1339 2017 molestia,
1363 1961 1436 2006 sed

53 2029 242 2076 vitaliter
277 2043 405 2095 atque
435 2031 710 2092 indulgenter
735 2050 870 2096 usque
899 2033 944 2078 in
975 2032 1100 2078 illum
1134 2032 1434 2095 principatum

51 2100 313 2148 educaverat
331 2113 373 2148 et
390 2102 657 2150 continebat.
685 2105 749 2150 Ita
770 2104 1059 2150 ostenduntur
1081 2103 1161 2148 ista
1187 2103 1430 2159 mendacia,

55 2171 422 2219 animadversione
438 2190 581 2219 rerum
596 2191 696 2237 quae
711 2174 914 2221 videntur
931 2175 975 2220 in
996 2173 1179 2229 mundo,
1199 2173 1271 2219 sed
1289 2174 1434 2220 minus

54 2241 250 2303 diligenti
286 2244 516 2307 minusque
555 2244 699 2290 solerti
744 2245 908 2291 carnali
947 2261 1070 2290 sensu
1111 2255 1324 2307 concepta
1340 2282 1350 2299 ,
1392 2255 1434 2290 et

51 2313 366 2377 phantasmatis
395 2315 607 2379 parturita
627 2353 637 2371 ,
666 2327 708 2361 et
735 2317 971 2362 temeritate
1006 2315 1122 2361 edita
1156 2325 1286 2378 atque
1320 2332 1432 2361 con-

53 2385 214 2448 scripta
230 2385 541 2432 haereticorum
562 2404 793 2433 numerum
811 2389 984 2434 auxisse.

116 2456 319 2503 XXXVI.
363 2457 448 2503 Sed
470 2456 544 2503 illo
571 2475 722 2518 genere
752 2459 887 2519 magis
913 2456 1095 2518 urgendi
1129 2465 1251 2511 sunt,
1285 2467 1332 2503 ut
1351 2457 1424 2504 iu-

51 2526 275 2588 telligant,
301 2527 335 2573 si
370 2538 576 2593 possunt,
605 2545 739 2591 quam
764 2546 860 2575 vere
884 2529 929 2574 in
961 2525 1193 2574 Catholica
1225 2525 1398 2573 dicatur
1415 2566 1425 2584 ,

51 2598 250 2646 omnium
266 2610 520 2649 naturarum
545 2615 632 2645 esse
648 2611 870 2649 auctorem
895 2601 1035 2647 Deum
1062 2615 1073 2642 z
1094 2613 1181 2661 quo
1207 2596 1261 2643 de
1280 2615 1432 2663 genere
