1795 3253
106 306 281 338 CONTRA
318 305 589 338 ADIMANTUM
622 306 860 338 MANICHAEI
896 307 1114 342 DISCIPEL.
1157 311 1244 343 LIB.
1286 313 1316 343 1.
1389 315 1475 361 109

104 389 280 419 uxorem
303 390 390 418 non
417 373 621 419 ferentem
643 372 942 418 Christianum
963 374 1105 420 virum
1124 412 1134 430 ,
1162 376 1437 440 improbatur
1455 396 1478 423 a

104 443 292 489 Domino
315 462 325 489 :
350 454 392 489 et
411 444 513 489 item
533 444 567 488 si
591 443 685 506 quis
705 443 772 488 vir
786 443 992 506 relinquit
1017 461 1187 490 uxorem
1207 447 1308 493 dato
1329 449 1477 495 libello

100 514 291 577 repudii,
315 531 415 560 cum
442 531 567 559 causa
585 531 671 558 non
694 513 831 558 existit
856 524 930 558 aut
953 513 1268 572 fornicationis,
1297 530 1370 563 aut
1387 521 1470 565 ol)-

101 584 268 629 tinendi
292 585 411 644 regni
429 584 662 638 coelorum,
686 583 882 628 similiter
904 583 1179 647 improbatur
1204 604 1225 630 a
1254 588 1458 637 Domino,

102 655 167 700 Ita
187 671 266 700 nec
290 656 368 700 ista
394 655 481 700 duo
498 653 691 718 capitula
707 653 966 713 Evangelica
981 656 1265 701 inveniuntur
1288 660 1369 704 silvi
1393 678 1477 705 esse

99 725 319 771 contraria
337 762 348 781 ‚
372 742 452 770 nee
478 724 761 784 Evangelium
787 724 931 769 Veteri
952 725 1225 771 Testamento
1249 745 1258 772 :
1287 731 1387 792 quia
1414 731 1477 775 ibi

99 811 206 840 uxor
245 795 532 854 conjungitur
571 795 662 839 viro
681 831 691 849 ‚
732 804 779 838 ut
814 793 942 839 simul
974 806 1219 841 mereantur
1262 799 1478 860 possidere

99 881 281 924 regnum
307 864 554 917 coelorumg
594 875 636 909 et
665 864 723 908 ita
742 862 759 892 1
779 880 883 909 uxor
922 863 1205 926 relinquenda
1236 884 1321 912 esse
1356 886 1476 931 pree--

99 936 281 998 cipitur,
302 936 335 981 Si
360 936 504 983 virum
523 935 736 998 impediat
757 934 809 980 ad
835 934 1146 998 possidendum
1180 955 1358 998 regnum
1380 957 1476 986 coe-

97 1004 255 1052 lorum.
916 1048 918 1051 ,

164 1076 221 1120 Et
236 1075 333 1121 ideo
353 1075 530 1138 quando
551 1075 820 1121 Christianos
835 1085 1040 1138 utrosque
1061 1077 1290 1140 Apostolus
1308 1091 1472 1138 mouet,

97 1144 143 1190 id
181 1156 268 1202 est,
305 1146 482 1192 maritos
509 1157 552 1191 et
577 1163 725 1192 uxores
743 1184 753 1202 ,
782 1163 926 1191 11011110
959 1147 1019 1191 ita
1051 1146 1212 1193 dicitur
1233 1167 1242 1193 :
1263 1171 1282 1190 «
1307 1152 1477 1211 Diligite

99 1236 120 1256 »
146 1232 292 1260 uxores
324 1226 501 1271 vestras,
535 1216 646 1261 sicut
678 1226 719 1261 et
749 1215 949 1261 Christus
973 1215 1122 1261 dilexit
1159 1218 1411 1277 Ecclesiam,
1438 1232 1478 1266 et

101 1306 122 1327 >³
146 1285 327 1331 tradidit
360 1303 401 1331 se
431 1286 576 1349 ipsum
610 1304 690 1349 pro
722 1288 800 1331 ea?
826 1307 845 1326 »
869 1286 951 1341 Et,
979 1307 999 1326 α
1027 1286 1226 1332 Mulieres
1258 1289 1359 1334 viris
1392 1291 1477 1336 suis

102 1376 123 1397 ³>
147 1355 336 1401 subditae
358 1356 442 1401 sint
463 1356 586 1419 quasi
605 1356 820 1401 Domino*2
841 1373 851 1400 z
873 1357 1013 1419 »quia
1032 1366 1072 1400 et
1092 1357 1282 1402 Ecclesia
1303 1360 1479 1406 subdita

101 1435 161 1470 est
187 1425 399 1472 Christo?
427 1427 580 1472 Nonne
598 1425 706 1470 illud
725 1425 844 1489 quod
867 1426 936 1470 isti
958 1425 1096 1470 miseri
1117 1426 1298 1473 irrident
1323 1431 1368 1474 in
1393 1431 1479 1475 Ve-

102 1495 181 1540 teri
200 1496 490 1552 Testamento‚
508 1496 627 1560 quod
646 1496 857 1559 scriptum
872 1506 934 1541 est
952 1513 962 1540 t
981 1497 1249 1558 «Propterea
1267 1498 1481 1563 relinquet

103 1566 280 1612 »homo
315 1578 484 1629 patrem
516 1577 558 1611 et
588 1577 788 1622 matrem,
824 1576 865 1610 et
889 1565 1134 1611 adhaerebit
1162 1569 1280 1613 uxori
1305 1587 1410 1625 sure,
1439 1582 1480 1616 et

103 1656 124 1677 ·›>
148 1646 274 1680 erunt
295 1636 382 1682 duo
404 1636 448 1681 in
476 1653 603 1682 carne
627 1652 713 1681 una
729 1636 764 1691 3,
790 1657 809 1676 ›>
827 1636 873 1680 in
893 1652 1050 1693 magno
1071 1650 1338 1683 sacramento
1365 1640 1480 1685 idem

104 1706 338 1768 Apostolus
359 1707 536 1769 accipit,
560 1723 660 1751 cum
685 1705 793 1750 dicit
818 1722 828 1749 ε
852 1726 871 1745 α
896 1705 1223 1751 Sacramentum
1252 1707 1337 1754 hoc
1358 1728 1483 1771 mag-

104 1797 125 1818 »
149 1793 254 1821 1111111
285 1787 375 1830 est3
402 1794 478 1837 ego
500 1786 641 1822 autem
662 1775 760 1821 dico
785 1775 829 1820 in
852 1775 1029 1820 Christo
1055 1785 1096 1820 et
1116 1777 1161 1820 in
1187 1778 1438 1828 Ecclesia&
1460 1806 1480 1825 ›>

104 1846 272 1892 Deinde
306 1846 533 1906 subjungit
559 1864 568 1891 :
601 1867 621 1887 ι(
651 1845 961 1891 Verumtamen
987 1846 1284 1909 unusquisque
1310 1867 1482 1898 uxorem

105 1938 127 1959 »
151 1933 273 1962 suam
291 1917 403 1962 sicut
427 1934 468 1962 se
491 1917 635 1980 ipsum
653 1915 821 1974 diligat,
845 1915 1003 1959 mulier
1027 1926 1170 1960 autem
1186 1928 1233 1962 ut
1252 1919 1399 1966 timeat
1419 1924 1482 1968 vi-

108 2008 129 2029 »
153 2003 266 2034 rum.
292 2008 313 2029 2>
331 1988 486 2032 Nonne
505 1986 587 2031 alio
610 1985 706 2030 loco
723 1984 1039 2029 evidentissime
1059 1986 1244 2032 ostendit
1263 1990 1484 2056 utriusque

108 2076 227 2104 sexus
250 2068 292 2103 et
314 2069 514 2104 naturam
543 2067 584 2102 et
609 2056 962 2115 conjunctionem
987 2074 1009 2101 a
1036 2057 1224 2102 Domino
1251 2059 1341 2105 Deo
1373 2079 1483 2109 con-

109 2128 248 2173 ditore
262 2138 391 2191 atque
409 2127 657 2173 ordinatore
675 2126 922 2182 consistere,
944 2142 1045 2170 cum
1062 2125 1170 2171 dicit
1188 2145 1198 2172 ι
1220 2150 1240 2169 «
1258 2129 1483 2179 Verumta-

109 2220 131 2241 »
155 2216 255 2244 111011
279 2216 419 2262 neque
442 2198 597 2244 mulier
618 2198 706 2242 sine
723 2198 832 2250 viro,
857 2213 996 2260 neque
1019 2197 1085 2242 vir
1104 2197 1192 2243 sine
1217 2200 1409 2259 muliere,
1438 2205 1485 2251 in

112 2291 133 2311 »
157 2269 363 2316 Domino.
395 2269 518 2314 Sicut
541 2268 654 2313 enim
679 2266 835 2312 mulier
853 2284 899 2312 ex
919 2266 1031 2322 vim,
1057 2266 1116 2312 ita
1140 2279 1181 2313 et
1199 2269 1265 2315 vir
1286 2289 1363 2334 per
1385 2291 1487 2321 mu-

112 2362 133 2382 »
155 2341 301 2386 herem
317 2340 484 2387 :omnia
515 2349 657 2385 autem
686 2354 733 2382 ex
764 2337 914 2382 De0⁵v
936 2358 956 2378 »
979 2337 1110 2394 Quod
1135 2338 1203 2383 isti
1226 2340 1260 2385 si
1283 2344 1484 2390 conside-

112 2429 207 2457 rare
219 2412 396 2468 Vellent,
412 2428 501 2457 non
512 2407 778 2474 quibusdam
793 2407 994 2471 capitulis
1009 2409 1216 2471 separatis
1229 2420 1271 2454 et
1286 2411 1486 2461 adversus

113 2499 156 2528 se
178 2481 364 2529 invicem
387 2498 543 2542 magna
565 2478 716 2526 fraude
740 2476 907 2524 collatis
930 2477 1156 2538 caliginem
1184 2479 1373 2528 facerent
1395 2484 1484 2532 im-

162 2572 174 2595 1
193 2574 287 2603 Forte
300 2575 333 2602 et
349 2567 471 2601 1110-
486 2567 502 2591 2
518 2568 634 2612 Ephes.
654 2579 687 2607 v,
716 2566 758 2597 23
778 2570 810 2596 et
830 2567 884 2598 25.
900 2583 946 2590 —
961 2562 976 2590 3
994 2566 1080 2601 Gen.
1098 2572 1209 2614 11324·
1228 2583 1273 2590 —
1286 2564 1301 2591 4
1317 2570 1435 2614 Ephes.
1452 2585 1483 2619 v,

118 2626 232 2658 32.—-
252 2622 267 2648 5
285 2634 298 2655 1
318 2623 396 2658 Cor.
414 2634 461 2663 xz,
484 2632 536 2663 11,
560 2631 600 2653 ια
