1795 3253
241 326 415 357 CONTRA
451 324 656 356 FAUSTUM
691 324 992 367 MANICHAEUM,
1032 327 1118 358 ΜΒ.
1159 328 1252 357 xlx.
1361 312 1443 368 481

74 394 268 452 »jugum
287 409 430 439 meum
446 408 575 456 super
590 409 688 448 vos,
711 401 752 437 et
769 389 921 437 discite
941 410 961 437 a
981 410 1065 448 me,
1093 394 1300 457 quoniam
1337 395 1452 441 mitis

75 483 97 504 »
120 480 214 509 sum
238 474 279 509 et
305 463 485 509 humilis
504 462 651 520 corde,
680 472 722 508 et
756 462 980 510 invenietis
1002 465 1196 528 requiem
1220 465 1449 513 animabus

75 555 96 576 ›>
121 536 270 583 vestris
290 535 324 583 ¹.
350 557 371 578 ³>

139 607 194 653 X.
223 606 334 653 Cum
360 607 519 672 quaeris
539 625 550 653 ε
569 608 715 664 Quare
737 606 1015 654 Christianus
1035 626 1123 654 non
1150 609 1347 655 observet
1369 609 1452 655 dif-

72 677 296 724 ferentiam
317 679 538 732 ciborum,
568 696 669 743 quae
688 679 733 724 in
757 679 867 738 Lege
890 680 1166 743 praecipitur,
1188 681 1222 726 si
1250 680 1452 726 Christus

73 765 161 794 non
172 751 292 795 venit
311 750 462 809 Legem
482 749 660 806 solvere,
679 749 750 796 sed
770 749 1034 814 adimplere?
1057 751 1337 815 Respondent
1357 753 1452 797 Imo

72 829 304 883 propterea
331 819 376 867 id
402 837 490 866 non
514 820 717 867 observat
748 820 1045 879 Christianus,
1071 822 1176 886 quia
1219 821 1337 885 quod
1370 821 1455 867 illis

73 889 222 949 figuris
235 889 712 954 prophetabatur,ja1n
733 891 934 937 Christus
951 891 1169 955 implevit,
1193 910 1280 937 non
1299 892 1455 937 admit-

72 969 164 1005 tens
185 959 239 1006 acl
258 977 420 1024 corpus
441 977 566 1006 suum
587 961 707 1025 quod
737 962 782 1007 in
807 962 965 1008 sanctis
984 963 1070 1007 suis
1095 961 1150 1007 ad
1172 962 1304 1007 vitam
1329 973 1456 1007 aeter-

71 1047 172 1075 nam
195 1030 541 1094 praedestinavit,
562 1031 780 1095 quidquid
799 1050 878 1095 per
894 1032 966 1078 illa
984 1031 1185 1078 animalia
1200 1033 1243 1078 in
1257 1033 1452 1078 moribus

70 1100 301 1148 hominum
325 1102 616 1162 significatum
633 1114 708 1150 est.
731 1104 844 1149 Cum
857 1104 1042 1166 quaeris:
1066 1103 1212 1159 Quare
1232 1104 1453 1150 Christia-

70 1189 152 1218 nus
177 1189 264 1218 non
286 1171 547 1218 animalibus
565 1173 800 1218 immolatis
825 1173 965 1219 carnis
990 1184 1031 1219 et
1049 1173 1266 1233 sanguinis
1285 1174 1454 1219 sacrifi-

71 1243 137 1289 cia
160 1244 312 1289 offerat
340 1244 444 1298 Deo,
463 1244 496 1288 si
519 1243 720 1290 Christus
741 1262 829 1289 non
848 1245 967 1289 venit
993 1246 1150 1304 Legem
1172 1244 1351 1296 solvere,
1376 1244 1450 1290 sed

70 1314 336 1378 adimplere?
357 1314 616 1377 Respondeo
635 1333 644 1360 :
669 1317 762 1361 Imo
778 1327 1013 1379 propterea
1035 1316 1168 1376 magis
1185 1315 1285 1361 haec
1300 1315 1457 1361 Chris-

69 1386 211 1431 tianus
225 1387 318 1445 jam
344 1386 493 1430 offerre
512 1404 598 1431 non
612 1386 741 1432 debet
761 1424 772 1441 ,
803 1388 905 1450 quia
931 1406 978 1432 ea
1003 1404 1103 1450 quae
1128 1387 1287 1432 talibus
1312 1404 1455 1432 rerum

70 1455 218 1516 figuris
232 1455 295 1501 illi
313 1456 645 1519 prophetabant
664 1494 673 1512 ,
694 1457 989 1503 immolatione
1012 1458 1150 1502 carnis
1178 1468 1219 1503 et
1236 1457 1456 1517 sanguinis

70 1528 136 1572 sui
157 1526 360 1573 Christus
376 1526 590 1590 implevit.
619 1529 732 1574 Cum
752 1529 940 1591 quaeris:
965 1529 1055 1574 Cur
1073 1546 1221 1592 azyma
1240 1529 1352 1574 sicut
1371 1530 1457 1574 Ju-

69 1596 154 1643 daei
189 1614 275 1643 non
294 1598 491 1643 observet
512 1598 805 1653 Christianus,
827 1600 858 1644 si
884 1599 1087 1644 Christus
1111 1616 1197 1644 non
1215 1599 1334 1644 venit
1367 1600 1454 1644 Le·—

69 1685 163 1728 gem
184 1668 362 1724 solvere,
388 1668 461 1713 sed
486 1668 758 1732 adimplere?
786 1669 1078 1732 Respondeo:
1107 1670 1202 1714 Imo
1223 1681 1453 1733 propterea

70 1742 204 1799 magis
222 1739 309 1785 hoc
328 1756 416 1784 non
431 1739 632 1784 observat
650 1740 924 1785 Christianus
941 1778 951 1795 ,
975 1739 1077 1803 quia
1091 1739 1209 1803 quod
1226 1739 1298 1785 illa
1316 1741 1455 1799 figura

69 1810 440 1874 prophetabatur,
467 1820 704 1873 expurgato
725 1811 879 1856 veteris
913 1810 1016 1855 vitae
1038 1809 1268 1863 fermento,
1294 1828 1453 1857 novam

67 1880 200 1926 vitam
215 1879 516 1926 demonstrans
541 1880 743 1927 Christus
758 1880 992 1944 implevit?
1013 1881 1124 1926 Cum
1145 1881 1303 1943 quaeris
1324 1899 1333 1926 :
1361 1883 1392 1925 C
1404 1899 1453 1927 ur

69 1949 122 1996 de
141 1967 270 1996 carne
288 1950 387 2009 agni
413 1950 689 1996 Christianus
717 1951 883 1996 Pas-cha
905 1968 991 1995 non
1017 1951 1223 2006 celebret,
1243 1952 1277 1996 si
1304 1952 1453 1997 Chris-

67 2031 137 2066 tus
154 2038 243 2066 non
262 2021 380 2065 venit
402 2021 560 2080 Legem
584 2020 762 2076 solvere,
780 2020 853 2065 sed
869 2021 982 2065 adim
990 2020 1137 2084 plere?
1158 2022 1444 2084 Respondeo:

68 2093 164 2138 Imo
185 2102 412 2156 propterea
438 2091 715 2138 Christianus
734 2092 897 2152 jamsic
923 2092 1092 2137 Pascha
1122 2109 1209 2137 non
1237 2092 1444 2150 celebrat,

69 2163 171 2227 quia
189 2162 234 2208 id
257 2163 377 2227 quod
401 2162 474 2208 illa
493 2163 628 2223 figura
642 2163 1042 2226 praemlntiabatur,
1065 2181 1199 2223 agnus
1228 2163 1448 2210 immacu-

67 2233 180 2280 latus
195 2251 269 2280 sua
281 2234 476 2298 passione
497 2234 698 2280 Christus
717 2234 930 2298 implevit.
965 2237 1077 2280 Cum
1091 2235 1250 2298 quaeris
1275 2252 1284 2279 :
1307 2238 1450 2290 Quam

68 2306 126 2352 ob
160 2322 334 2352 causam
363 2306 606 2351 neomenias
641 2306 686 2351 in
716 2308 828 2366 Lege
864 2306 1089 2352 mandatas
1131 2323 1217 2352 non
1263 2306 1451 2351 celebret

69 2376 362 2431 Christianus,
377 2376 411 2421 si
436 2376 636 2423 Christus
656 2395 743 2422 non
767 2377 883 2423 venit
909 2379 1064 2437 Legem
1080 2377 1258 2429 solvere,
1280 2376 1352 2422 sed
1367 2377 1450 2424 ad·-

66 2447 279 2511 implere?
326 2447 587 2510 Respondeo
606 2466 617 2494 ι
656 2449 750 2494 lmo
787 2459 1019 2512 propterea
1052 2452 1143 2509 jam
1178 2447 1454 2494 Christianus

67 2518 166 2565 istas
191 2535 276 2564 non
304 2517 519 2575 celebrat,
554 2520 657 2583 quia
682 2530 864 2584 propter
900 2519 1020 2584 quod
1057 2518 1449 2583 praenuntiandum

67 2588 422 2647 celebrabantur,
447 2593 542 2650 jam
581 2590 783 2637 Christus
808 2591 1023 2655 implevit.
1068 2589 1316 2637 Celebratio
1339 2590 1455 2636 enim

149 2674 158 2694 ¹
184 2671 261 2705 arth.
279 2684 325 2711 xi,
349 2674 409 2708 28,
436 2691 479 2698 —-
497 2671 513 2694 2
536 2684 547 2703 1
569 2674 646 2707 Cor.
672 2686 701 2710 v,
720 2686 752 2714 7,

216 2740 375 2773 cxxxv.
1274 2725 1329 2770 31
