1795 3253
307 291 388 335 1512
707 306 740 334 s.
784 306 1026 338 Arcum-mr
1062 306 1265 338 EPISCOPI

298 393 318 413 ))
345 382 383 416 et
410 369 616 415 oecidetis
647 370 755 417 illos,
800 374 911 418 Deos
944 390 1092 418 eorum
1120 389 1171 418 ne
1206 373 1510 433 adoraveritis,
1540 394 1680 442 neque

298 467 318 485 ›>
345 442 527 488 feceritis
553 459 683 504 opera
711 442 924 505 ipsorum,
956 444 1026 489 sed
1057 444 1275 489 eversione
1298 447 1474 492 evertite
1498 447 1609 504 illos,
1638 460 1680 494 et

299 538 316 555 ι)
342 513 477 558 ‹lelete
498 529 647 557 eorum
668 514 920 559 memoriam
936 514 969 561 ¹.
998 536 1017 554 »
1036 514 1114 560 Itis
1132 514 1275 560 verbis
1303 515 1356 560 de
1380 518 1596 563 veteribus
1621 517 1679 562 li-

295 586 386 633 bris
406 585 463 629 ita
482 585 848 632 commemoratis,
864 596 1068 648 tanquam
1088 573 1353 630 eontrarium
1371 588 1557 650 opponit
1580 587 1680 633 Adi-

297 667 470 704 mantus
491 654 607 717 quod
629 655 669 699 in
694 655 927 715 Evangelio
945 656 1156 718 seriptum
1177 666 1255 701 est.
1279 656 1449 701 dicente
1463 658 1678 703 Domino:

297 751 315 769 «
345 730 434 787 ligo
459 737 600 772 autem
629 726 729 771 dico
753 726 896 773 vobis.
923 726 1088 785 diligite
1117 726 1315 771 inimicos
1345 741 1523 783 vestros,
1547 728 1684 773 bene—

297 799 464 843 »dieite
487 797 555 841 bis
573 796 648 860 qui
670 797 793 842 vobis
810 797 1093 848 maledicunt,
1117 808 1158 841 et
1179 796 1422 843 benefacite
1442 799 1491 843 iis
1510 799 1586 862 qui
1607 816 1681 844 vos

297 893 316 912 »
336 870 517 915 oderunt
538 907 548 916 .
573 879 614 913 et
639 880 755 913 orate
781 886 862 931 pro
882 869 931 913 iis
949 869 1023 932 qui
1044 886 1119 914 ros
1144 880 1467 932 persequuntur
1481 869 1513 916 1.
1534 892 1552 911 »
1580 870 1617 926 Q
1628 887 1684 914 uo

297 942 392 987 loeo
418 940 561 1003 primo
587 939 695 985 illud
722 939 959 985 ridendum
989 951 1073 988 est.
1102 939 1221 1002 quod
1244 940 1343 985 satis
1366 957 1452 985 esse
1484 940 1686 986 debuerit

298 1012 467 1057 bomini
489 1010 649 1055 volenti
669 1011 791 1073 quasi
818 1021 967 1055 eontra
978 1011 1036 1056 ria
1065 1021 1303 1055 monstrare
1323 1047 1332 1065 ,ἢ
1357 1010 1477 1074 quod
1502 1010 1555 1055 de
1575 1011 1688 1056 occi-

299 1082 451 1127 dendis
476 1081 661 1126 inimicis
682 1083 724 1125 in
747 1081 885 1125 Veteri
916 1083 1026 1139 Lege
1051 1081 1263 1144 seriptum
1287 1098 1372 1125 esse
1391 1081 1680 1127 commonuit.

300 1153 512 1196 >Dominus
538 1152 651 1196 enim
675 1151 728 1196 de
753 1151 939 1196 inimicis
957 1151 1188 1209 diligendis
1205 1189 1215 1205 ‚
1241 1151 1391 1214 utique
1420 1149 1473 1195 de
1493 1150 1690 1195 bomini-

299 1224 381 1268 bus
406 1222 646 1285 przeeepit3
675 1238 783 1284 quos
807 1238 884 1284 per
916 1232 1107 1266 nostram
1134 1222 1387 1284 patientiam
1418 1230 1459 1265 et
1494 1220 1689 1266 charita-

303 1305 388 1338 tem
416 1292 471 1337 ad
508 1292 688 1337 salutem
714 1308 836 1353 posse
869 1291 1092 1346 converti,
1122 1301 1164 1335 et
1199 1291 1343 1353 quivis
1373 1290 1574 1350 intelligit
1595 1328 1606 1347 ,
1645 1301 1690 1336 et

302 1363 506 1427 exemplis
524 1361 758 1425 saepissime
775 1361 1116 1406 demonstratum
1129 1372 1204 1406 est.
1217 1361 1337 1417 Quid
1356 1378 1456 1421 ergo
1475 1362 1557 1407 sibi
1575 1360 1686 1416 vult,

304 1434 425 1499 quod
467 1431 744 1493 adjungenda
785 1432 1094 1495 consequentia
1128 1433 1300 1495 putarit
1322 1469 1332 1487 ‚
1372 1431 1449 1476 ubi
1479 1432 1691 1495 seriptum

306 1517 367 1551 est
398 1523 408 1550 ι
437 1505 586 1549 «Deos
614 1520 762 1548 eorum
786 1520 837 1547 ne.
858 1502 1162 1559 adoraveritis,
1187 1520 1326 1566 neque.
1351 1502 1536 1548 feceritis
1561 1520 1693 1567 opera

308 1599 327 1618 »
350 1577 542 1639 ipsorum
569 1612 578 1630 ,
606 1573 677 1618 sed
699 1574 918 1619 eversione
944 1574 1118 1619 evertite
1145 1574 1267 1629 illos,
1304 1585 1346 1619 et
1383 1572 1518 1618 delete
1542 1590 1692 1619 eorum

310 1670 329 1688 »
354 1646 606 1692 memoriam
625 1644 641 1671 3
665 1664 675 1697 3
698 1666 716 1683 n
735 1644 814 1688 nisi
840 1644 941 1706 quia
962 1654 1003 1689 et
1022 1644 1124 1689 deos
1148 1644 1340 1703 gentium
1357 1643 1593 1689 Manichaei
1614 1661 1693 1689 co-

311 1729 417 1779 gunt.
442 1717 649 1775 diligere?
688 1717 743 1761 lit
762 1715 883 1778 quod
907 1715 951 1760 in
974 1716 1208 1775 Evangelio
1232 1715 1443 1760 Dominus
1468 1716 1526 1760 ait
1548 1732 1557 1759 :
1583 1736 1602 1756 α
1618 1715 1694 1759 Di-

311 1813 330 1831 »
358 1788 476 1848 ligite
502 1787 700 1832 inimicos
724 1796 885 1831 vestros
902 1824 912 1841 ‚
934 1808 953 1827 »
979 1803 1065 1831 non
1097 1786 1233 1831 solum
1264 1785 1317 1831 ad
1347 1785 1546 1831 homines
1567 1822 1578 1841 ‚
1621 1784 1694 1830 sed

315 1861 367 1907 ad
395 1858 614 1904 ‹ta-monia
641 1874 815 1920 quoque
834 1894 844 1913 ‚
888 1858 953 1902 vel
988 1858 1115 1902 etiam
1145 1857 1197 1903 ad
1223 1856 1453 1902 simulacra
1478 1856 1695 1919 pertinere

313 1932 598 1978 arbitrantur.
642 1928 771 1985 Quod
794 1928 826 1973 si
846 1929 902 1973 ita
938 1939 1028 1984 est,
1063 1929 1158 1992 quis
1194 1946 1280 1974 non
1306 1929 1431 1973 istam
1462 1927 1697 1973 detestetur

313 2001 577 2048 amentiam.3
600 1999 645 2045 Si
670 2009 811 2045 autem
837 2017 923 2044 non
946 1998 1031 2044 hoc
1047 2000 1336 2053 arbitrantur,
1359 1999 1436 2042 iste
1454 1997 1696 2060 plurimum

318 2073 500 2121 erravit,
529 2071 604 2134 qui
629 2070 955 2133 superstitiones
979 2070 1171 2130 gentium
1190 2067 1441 2114 evertendas
1463 2083 1549 2112 esse
1575 2083 1696 2129 prae-

316 2155 463 2207 ceptus
487 2144 530 2187 in
556 2142 695 2187 Veteri
717 2143 995 2186 Testameuto
1021 2156 1359 2186 commemorare
1391 2138 1561 2194 voluit,
1595 2154 1696 2183 cum

315 2216 361 2261 in
388 2215 510 2260 Novo
530 2212 647 2276 quod
668 2212 881 2275 scriptum
918 2223 979 2257 est
1003 2211 1057 2257 de
1090 2211 1277 2258 inimicis
1299 2208 1530 2270 diligendis
1551 2244 1563 2264 ,
1597 2218 1698 2254 tan-

316 2302 448 2349 quam
468 2282 733 2328 eontrarium
756 2282 882 2327 vellet
909 2300 1145 2346 opponere.

385 2355 473 2400 Nos
498 2364 638 2399 autem
664 2370 803 2418 neque
827 2353 937 2399 illud
967 2353 1087 2417 quod
1121 2353 1174 2399 de
1206 2351 1408 2398 hostibus
1437 2349 1697 2395 hominibus

324 2426 626 2473 oeeidendisin
641 2425 858 2472 veteribus
877 2425 1021 2472 Libris
1038 2425 1102 2472 illi
1120 2424 1292 2490 populo
1310 2423 1479 2469 dictum
1498 2432 1577 2478 est,
1598 2438 1702 2467 con-

367 2531 376 2551 ¹
398 2529 500 2562 Fxod.
522 2541 617 2569 xxm,
640 2531 764 2563 ἰα-25.
794 2547 837 2554 -
858 2528 873 2551 2
895 2529 1014 2561 Maoh.
1038 2540 1067 2569 v,
1093 2536 1154 2569 40,
1184 2534 1216 2560 et
1239 2531 1315 2561 Luc.
1343 2538 1386 2566 w,
1416 2536 1470 2565 ²7·
1493 2540 1537 2549 ·-
1560 2520 1575 2546 3
1595 2524 1700 2557 Exod.

318 2594 412 2622 xxiii,
437 2590 496 2619 24.
