1795 3253
319 227 413 292 [408
745 245 778 275 S.
823 244 1069 286 Aueusmm
1105 248 1310 281 EPISCOPI

321 321 463 356 autem
497 308 696 366 debetur,
726 309 801 355 etsi
833 309 1018 372 benigne
1045 312 1301 367 dimittitur,
1331 333 1419 362 non
1445 328 1590 365 tamen
1607 320 1696 367 ini-

317 398 401 445 que
441 380 652 444 repetitur
682 397 692 424 :
726 380 799 426 sed
833 381 944 428 sicut
973 383 1017 427 in
1048 383 1265 442 jurando,
1291 387 1419 432 etiam
1447 389 1523 452 qui
1545 407 1697 438 verum

313 457 450 513 jurat,
474 452 748 515 propinquat
770 453 986 516 perjurio,
1008 453 1123 499 unde
1141 453 1267 515 longe
1287 455 1406 503 abest
1422 460 1496 522 qui
1520 462 1697 508 omnino

318 541 403 570 non
423 527 573 584 jurat;
601 533 642 568 et
666 523 864 586 quamvis
891 541 977 570 non
1003 535 1153 587 peccet
1187 526 1264 589 qui
1286 543 1437 574 verum
1464 533 1606 590 jurat,
1627 548 1698 578 re-

318 595 480 641 motior
515 604 657 640 tamen
683 612 705 639 a
730 606 911 657 peccato
944 595 1101 659 estqui
1124 613 1211 641 non
1229 600 1378 656 jurat3
1406 600 1521 646 unde
1543 601 1699 648 admo-

316 667 424 713 nitio
463 683 549 711 non
583 666 787 725 jurandi,
822 667 1089 713 conservatio
1124 678 1185 713 est
1216 686 1238 713 a
1274 681 1457 732 peccato
1482 673 1696 736 perjurii:

317 738 377 784 ita
420 754 521 782 cum
556 747 707 801 peccet
743 737 821 801 qui
855 755 934 802 per
967 737 1374 786 immoderationem
1412 741 1570 803 injuste
1607 744 1703 791 vult

314 808 555 864 vindicari,
585 825 672 854 non
692 820 842 872 peccet
869 821 1011 856 autem
1043 809 1120 872 qui
1147 810 1328 857 modum
1356 811 1569 860 adhibens
1587 818 1702 875 juste

316 879 413 927 vult
435 879 646 925 vindicari
668 900 678 933 ;
707 881 907 926 remotior
933 891 995 926 est
1020 899 1040 925 a
1068 891 1250 943 peccato
1273 882 1446 942 injustae
1467 884 1699 940 vindictae3

315 951 394 1015 qui
425 968 514 996 non
548 949 643 995 vult
673 951 849 997 omnino
876 951 1104 997 vindicari.
1137 952 1297 998 Peccat
1327 955 1443 999 enim
1477 955 1554 1018 qui
1577 956 1704 1016 exigit

319 1022 432 1068 ultra
468 1021 691 1078 debitum,
732 1039 818 1067 non
848 1032 1002 1085 peccat
1035 1032 1178 1068 autem
1212 1023 1289 1086 qui
1313 1023 1441 1084 exigit
1466 1023 1700 1072 debitum:

318 1093 553 1156 seclsstutior
574 1093 699 1153 longe
722 1105 781 1139 est
808 1112 829 1139 a
854 1104 1034 1157 peceato
1059 1093 1210 1154 injusti
1241 1095 1473 1152 exactoris,
1505 1098 1582 1161 qui
1605 1115 1705 1146 om—

318 1166 423 1212 nino
462 1181 550 1209 non
581 1164 708 1224 exigit
738 1164 938 1210 debitum
957 1202 967 1220 ,
1001 1165 1245 1228 praesertim
1266 1182 1319 1210 ne
1343 1177 1522 1226 cogatur
1546 1179 1588 1214 et
1615 1168 1706 1232 ipse

317 1235 498 1283 reddere
527 1233 726 1280 debitum
754 1235 810 1279 ab
831 1252 880 1280 eo
898 1235 973 1299 qui
998 1235 1168 1282 nullum
1194 1236 1329 1281 habet
1352 1235 1567 1285 debitum.
1595 1239 1706 1285 Pos—

317 1324 406 1353 sem
440 1322 540 1366 ergo
577 1315 618 1351 et
652 1322 728 1366 ego
763 1305 823 1350 sic
858 1305 936 1350 ista
969 1322 1157 1369 ponere,
1186 1306 1366 1352 Dictum
1396 1318 1458 1353 est
1485 1309 1702 1373 antiquis,

320 1400 341 1421 «
367 1379 466 1424 Non
488 1377 644 1438 injuste
669 1375 914 1422 vindicabis
936 1396 948 1430 3
974 1393 1050 1437 ego
1086 1388 1230 1423 autem
1254 1376 1373 1432 dico,
1407 1395 1461 1424 ne
1480 1379 1708 1426 vindicetis

321 1472 342 1494 »
366 1448 543 1514 quidem
561 1485 572 1504 ,
610 1470 630 1489 ›>
657 1446 911 1510 adimpletio
948 1458 1009 1493 est
1034 1465 1045 1492 :
1074 1447 1185 1493 sieut
1218 1446 1271 1493 de
1300 1448 1493 1508 jurando
1525 1451 1707 1498 Faustus

323 1523 412 1567 aitz
438 1520 618 1565 Dictum
637 1527 715 1573 est,
743 1519 843 1563 Nou
866 1518 1109 1582 pejerabi33
1136 1536 1213 1578 ego
1238 1529 1383 1564 autem
1404 1518 1524 1576 dico,
1550 1537 1604 1567 ne
1628 1525 1708 1582 ju-

321 1592 422 1640 retis
442 1590 649 1656 quidem;
683 1605 808 1651 aeque
830 1588 1082 1651 adimpletio
1107 1600 1182 1636 est.
1213 1589 1415 1636 Poteram
1441 1607 1541 1651 ergo
1565 1602 1607 1637 et
1630 1608 1707 1652 ego

321 1667 384 1714 ita
412 1664 555 1709 dicere
574 1698 585 1717 ,
616 1660 650 1705 si
680 1659 793 1704 mihi
817 1676 896 1722 per
925 1659 1023 1705 haec
1054 1659 1221 1720 adjecta
1252 1660 1384 1706 verba
1404 1698 1415 1715 ,
1453 1660 1574 1725 quod
1604 1662 1711 1722 Legi

326 1735 482 1790 defuit,
512 1752 534 1779 a
560 1731 738 1779 Christo
760 1729 961 1776 additum
982 1729 1200 1776 videretur
1236 1749 1247 1776 :
1287 1748 1335 1777 ac
1373 1748 1462 1777 non
1494 1733 1642 1795 potius
1662 1732 1710 1779 id

327 1805 561 1875 quotl'Lex
578 1801 753 1848 volebat
771 1801 939 1846 efficere
953 1838 964 1857 ‚
988 1818 1042 1847 ne
1062 1801 1220 1861 inJuste
1240 1819 1282 1848 se
1303 1801 1538 1866 quisquam
1560 1803 1710 1849 vindi-

328 1878 471 1927 cando
499 1882 725 1940 peccaret,
754 1871 998 1917 conservari
1028 1872 1165 1917 tutius
1185 1871 1220 1917 si
1249 1871 1428 1917 omnino
1447 1889 1489 1918 se
1512 1890 1600 1919 non
1618 1874 1711 1920 vin-

329 1952 494 1999 dicaret
516 1967 528 2001 ;
555 1946 667 1991 sicut
691 1943 736 1989 id
761 1941 881 2006 quod
900 1942 1076 1988 volebat
1095 1942 1278 1999 efficere,
1309 1960 1361 1988 ne
1380 1942 1610 2007 quisquam
1628 1962 1712 2008 pe-

324 2019 507 2087 jerando
539 2025 757 2081 peccaret,
793 2014 1038 2060 conservari
1064 2014 1198 2059 tutius
1229 2013 1263 2059 si
1288 2030 1376 2059 non
1394 2017 1575 2073 Juraret.
1599 2016 1711 2063 Nam
1746 2078 1751 2083 .

331 2097 366 2142 si
385 2090 654 2141 contrarium
684 2097 774 2143 est,
803 2107 823 2126 «
853 2085 1047 2131 Oculum
1078 2102 1160 2150 pro
1185 2084 1338 2141 oculo,
1369 2107 1388 2127 >³
1413 2095 1484 2142 et,
1514 2107 1534 2127 «
1562 2086 1651 2144 Qui
1674 2098 1714 2134 te

334 2190 356 2211 ›>
380 2160 640 2231 percusserit
671 2159 716 2204 in
749 2156 985 2213 maxillam,
1018 2157 1170 2221 praebe
1202 2156 1267 2203 illi
1295 2166 1336 2203 et
1365 2157 1570 2203 alteram:
1595 2179 1615 2199 »
1635 2175 1714 2204 cur

335 2256 424 2285 non
465 2235 520 2280 sit
559 2229 825 2278 contrarium
850 2265 861 2284 ,
908 2250 928 2270 «
970 2228 1142 2275 Reddes
1185 2228 1373 2274 Domino
1405 2228 1714 2288 jusjUrandum

336 2331 357 2352 „
383 2319 528 2361 tuum,
550 2326 569 2344 »
592 2317 650 2358 et,
674 2298 806 2345 «Noli
823 2303 971 2360 jurare
991 2299 1200 2345 omnino?
1216 2320 1236 2340 >2
1258 2299 1313 2344 Et
1330 2309 1472 2344 tamen
1489 2297 1610 2345 illam
1625 2317 1714 2346 non

339 2375 677 2427 destructionem
696 2409 707 2428 ,
744 2370 815 2416 sed
851 2370 1205 2434 adimpletionem
1235 2371 1415 2416 Faustus
1442 2369 1709 2417 arbitratur:

341 2450 463 2517 quod
483 2458 525 2494 et
544 2446 619 2492 hie
642 2442 797 2490 debuit
813 2442 1031 2489 arbitrari.
1064 2442 1174 2487 Nam
1195 2441 1246 2497 si,
1264 2440 1423 2487 Verum
1438 2444 1557 2500 Jura,
1577 2440 1714 2487 adim-

339 2522 487 2588 pletur
511 2515 697 2566 dicendo
719 2552 730 2572 ‚
766 2513 828 2560 Ne
859 2517 976 2573 jures
998 2531 1008 2559 ε
1036 2530 1116 2559 cur
1153 2529 1243 2559 non
1267 2522 1336 2568 et,
1364 2512 1388 2557 J
1394 2522 1484 2558 uste
1507 2511 1682 2575 vindica
1699 2549 1711 2568 ‚

343 2589 608 2656 adimpletur
623 2584 834 2642 'dicend0,
859 2585 923 2631 Ne
954 2583 1179 2632 vindices?
1206 2583 1280 2630 Sic
1301 2594 1344 2630 et
1365 2600 1441 2644 ego
1462 2584 1508 2630 in
1530 2593 1718 2647 utroque
