<?xml version="1.0" encoding="UTF-8"?>
<!DOCTYPE html PUBLIC "-//W3C//DTD XHTML 1.0 Transitional//EN"
    "http://www.w3.org/TR/xhtml1/DTD/xhtml1-transitional.dtd">
<html xmlns="http://www.w3.org/1999/xhtml" xml:lang="en" lang="en">
 <head>
  <title>
</title>
<meta http-equiv="Content-Type" content="text/html;charset=utf-8" />
  <meta name='ocr-system' content='tesseract 3.04.00' />
  <meta name='ocr-capabilities' content='ocr_page ocr_carea ocr_par ocr_line ocrx_word'/>
</head>
<body>
  <div class='ocr_page' id='page_1' title='image "./operaomniaaccura28auguuoft/operaomniaaccura28auguuoft_0541.png"; bbox 0 0 1795 3253; ppageno 0'>
   <div class='ocr_carea' id='block_1_1' title="bbox 281 261 1457 315">
    <p class='ocr_par' dir='ltr' id='par_1_1' title="bbox 281 261 1457 315">
     <span class='ocr_line' id='line_1_1' title="bbox 281 261 1457 315; baseline -0.001 -8"><span class='ocrx_word' id='word_1_1' title='bbox 281 276 453 307; x_wconf 80' lang='lat' dir='ltr'>CONTRA</span> <span class='ocrx_word' id='word_1_2' title='bbox 488 275 687 307; x_wconf 62' lang='lat' dir='ltr'>rausi-uu</span> <span class='ocrx_word' id='word_1_3' title='bbox 722 274 1024 315; x_wconf 74' lang='lat' dir='ltr'>MANICHAEUM‚</span> <span class='ocrx_word' id='word_1_4' title='bbox 1063 275 1149 305; x_wconf 74' lang='lat' dir='ltr'>mn.</span> <span class='ocrx_word' id='word_1_5' title='bbox 1193 276 1266 306; x_wconf 86' lang='lat' dir='ltr'>xx.</span> <span class='ocrx_word' id='word_1_6' title='bbox 1372 261 1457 308; x_wconf 83' lang='lat'>531</span> 
     </span>
    </p>
   </div>
   <div class='ocr_carea' id='block_1_2' title="bbox 102 339 1515 2652">
    <p class='ocr_par' dir='ltr' id='par_1_2' title="bbox 102 339 1466 458">
     <span class='ocr_line' id='line_1_2' title="bbox 102 339 1466 404; baseline 0.003 -20"><span class='ocrx_word' id='word_1_7' title='bbox 102 339 243 385; x_wconf 91' lang='lat' dir='ltr'>Deum</span> <span class='ocrx_word' id='word_1_8' title='bbox 260 352 450 387; x_wconf 88' lang='lat' dir='ltr'>vestrum</span> <span class='ocrx_word' id='word_1_9' title='bbox 467 378 478 397; x_wconf 87' lang='lat'>‚</span> <span class='ocrx_word' id='word_1_10' title='bbox 512 345 637 400; x_wconf 85' lang='lat' dir='ltr'>cujus</span> <span class='ocrx_word' id='word_1_11' title='bbox 660 339 857 386; x_wconf 85' lang='lat' dir='ltr'>membra</span> <span class='ocrx_word' id='word_1_12' title='bbox 875 356 960 386; x_wconf 90' lang='lat' dir='ltr'>esse</span> <span class='ocrx_word' id='word_1_13' title='bbox 977 341 1103 386; x_wconf 89' lang='lat' dir='ltr'>etiam</span> <span class='ocrx_word' id='word_1_14' title='bbox 1127 358 1334 404; x_wconf 89' lang='lat' dir='ltr'>pecorum</span> <span class='ocrx_word' id='word_1_15' title='bbox 1371 343 1466 388; x_wconf 87' lang='lat' dir='ltr'>ani-</span> 
     </span>
     <span class='ocr_line' id='line_1_3' title="bbox 102 408 505 458; baseline 0.01 -4"><span class='ocrx_word' id='word_1_16' title='bbox 102 426 193 455; x_wconf 90' lang='lat' dir='ltr'>mas</span> <span class='ocrx_word' id='word_1_17' title='bbox 216 408 505 458; x_wconf 77' lang='lat' dir='ltr'>arbitramini.</span> 
     </span>
    </p>

    <p class='ocr_par' dir='ltr' id='par_1_3' title="bbox 106 479 1515 2652">
     <span class='ocr_line' id='line_1_4' title="bbox 167 479 1474 545; baseline 0.002 -18"><span class='ocrx_word' id='word_1_18' title='bbox 167 481 287 529; x_wconf 84' lang='lat' dir='ltr'>XXI.</span> <span class='ocrx_word' id='word_1_19' title='bbox 330 482 440 527; x_wconf 78' lang='lat' dir='ltr'>Nam</span> <span class='ocrx_word' id='word_1_20' title='bbox 464 481 583 545; x_wconf 90' lang='lat' dir='ltr'>quod</span> <span class='ocrx_word' id='word_1_21' title='bbox 605 480 734 527; x_wconf 87' lang='lat' dir='ltr'>etiam</span> <span class='ocrx_word' id='word_1_22' title='bbox 762 479 867 526; x_wconf 88' lang='lat' dir='ltr'>binc</span> <span class='ocrx_word' id='word_1_23' title='bbox 886 481 1011 526; x_wconf 88' lang='lat' dir='ltr'>nobis</span> <span class='ocrx_word' id='word_1_24' title='bbox 1030 481 1320 528; x_wconf 78' lang='lat' dir='ltr'>calumniatur</span> <span class='ocrx_word' id='word_1_25' title='bbox 1345 484 1474 529; x_wconf 89' lang='lat' dir='ltr'>Faus-</span> 
     </span>
     <span class='ocr_line' id='line_1_5' title="bbox 106 550 1477 616; baseline 0.002 -21"><span class='ocrx_word' id='word_1_26' title='bbox 106 561 172 596; x_wconf 88' lang='lat' dir='ltr'>tus</span> <span class='ocrx_word' id='word_1_27' title='bbox 188 588 199 608; x_wconf 83' lang='lat'>,</span> <span class='ocrx_word' id='word_1_28' title='bbox 230 551 350 616; x_wconf 90' lang='lat' dir='ltr'>quod</span> <span class='ocrx_word' id='word_1_29' title='bbox 374 552 620 615; x_wconf 64' lang='lat' dir='ltr'>Martyrum</span> <span class='ocrx_word' id='word_1_30' title='bbox 648 550 877 596; x_wconf 83' lang='lat' dir='ltr'>memorias</span> <span class='ocrx_word' id='word_1_31' title='bbox 901 550 1166 597; x_wconf 81' lang='lat' dir='ltr'>honoramus</span> <span class='ocrx_word' id='word_1_32' title='bbox 1183 588 1194 607; x_wconf 84' lang='grc'>,</span> <span class='ocrx_word' id='word_1_33' title='bbox 1221 553 1265 597; x_wconf 87' lang='lat' dir='ltr'>in</span> <span class='ocrx_word' id='word_1_34' title='bbox 1288 552 1376 598; x_wconf 88' lang='lat' dir='ltr'>hoc</span> <span class='ocrx_word' id='word_1_35' title='bbox 1404 553 1477 598; x_wconf 88' lang='lat' dir='ltr'>di-</span> 
     </span>
     <span class='ocr_line' id='line_1_6' title="bbox 107 621 1480 679; baseline 0 -11"><span class='ocrx_word' id='word_1_36' title='bbox 107 639 206 668; x_wconf 89' lang='lat' dir='ltr'>cens</span> <span class='ocrx_word' id='word_1_37' title='bbox 225 639 302 668; x_wconf 91' lang='lat' dir='ltr'>nos</span> <span class='ocrx_word' id='word_1_38' title='bbox 331 621 449 668; x_wconf 90' lang='lat' dir='ltr'>idola</span> <span class='ocrx_word' id='word_1_39' title='bbox 475 622 733 668; x_wconf 72' lang='lat' dir='ltr'>convertisse</span> <span class='ocrx_word' id='word_1_40' title='bbox 751 657 763 678; x_wconf 89' lang='lat'>‚</span> <span class='ocrx_word' id='word_1_41' title='bbox 787 638 875 666; x_wconf 90' lang='lat' dir='ltr'>non</span> <span class='ocrx_word' id='word_1_42' title='bbox 899 631 983 667; x_wconf 88' lang='lat' dir='ltr'>tam</span> <span class='ocrx_word' id='word_1_43' title='bbox 1013 639 1079 667; x_wconf 90' lang='lat' dir='ltr'>me</span> <span class='ocrx_word' id='word_1_44' title='bbox 1105 633 1277 679; x_wconf 77' lang='lat' dir='ltr'>movet,</span> <span class='ocrx_word' id='word_1_45' title='bbox 1303 633 1350 668; x_wconf 90' lang='lat' dir='ltr'>ut</span> <span class='ocrx_word' id='word_1_46' title='bbox 1374 623 1480 669; x_wconf 90' lang='lat' dir='ltr'>huic</span> 
     </span>
     <span class='ocr_line' id='line_1_7' title="bbox 108 692 1483 756; baseline 0.001 -18"><span class='ocrx_word' id='word_1_47' title='bbox 108 692 339 739; x_wconf 85' lang='lat' dir='ltr'>calumniae</span> <span class='ocrx_word' id='word_1_48' title='bbox 364 692 648 755; x_wconf 76' lang='lat' dir='ltr'>respondeam</span> <span class='ocrx_word' id='word_1_49' title='bbox 666 729 676 747; x_wconf 86' lang='lat'>‚</span> <span class='ocrx_word' id='word_1_50' title='bbox 706 708 840 755; x_wconf 90' lang='lat' dir='ltr'>quam</span> <span class='ocrx_word' id='word_1_51' title='bbox 862 703 908 737; x_wconf 90' lang='lat' dir='ltr'>ut</span> <span class='ocrx_word' id='word_1_52' title='bbox 930 692 1074 756; x_wconf 89' lang='lat' dir='ltr'>ipsum</span> <span class='ocrx_word' id='word_1_53' title='bbox 1107 694 1313 739; x_wconf 87' lang='lat' dir='ltr'>Faustum</span> <span class='ocrx_word' id='word_1_54' title='bbox 1338 704 1483 739; x_wconf 91' lang='lat' dir='ltr'>osten-</span> 
     </span>
     <span class='ocr_line' id='line_1_8' title="bbox 109 762 1485 826; baseline 0.001 -18"><span class='ocrx_word' id='word_1_55' title='bbox 109 762 209 808; x_wconf 90' lang='lat' dir='ltr'>dam</span> <span class='ocrx_word' id='word_1_56' title='bbox 222 762 365 808; x_wconf 90' lang='lat' dir='ltr'>studio</span> <span class='ocrx_word' id='word_1_57' title='bbox 380 762 675 808; x_wconf 88' lang='lat' dir='ltr'>calumniandi</span> <span class='ocrx_word' id='word_1_58' title='bbox 689 762 818 807; x_wconf 89' lang='lat' dir='ltr'>etiam</span> <span class='ocrx_word' id='word_1_59' title='bbox 835 762 890 807; x_wconf 88' lang='lat' dir='ltr'>ab</span> <span class='ocrx_word' id='word_1_60' title='bbox 903 763 1040 826; x_wconf 91' lang='lat' dir='ltr'>ipsius</span> <span class='ocrx_word' id='word_1_61' title='bbox 1062 763 1298 809; x_wconf 65' lang='lat' dir='ltr'>Manichaei</span> <span class='ocrx_word' id='word_1_62' title='bbox 1313 764 1485 809; x_wconf 84' lang='lat' dir='ltr'>vanita-</span> 
     </span>
     <span class='ocr_line' id='line_1_9' title="bbox 107 831 1486 895; baseline 0.001 -18"><span class='ocrx_word' id='word_1_63' title='bbox 107 832 226 878; x_wconf 81' lang='lat' dir='ltr'>tibus</span> <span class='ocrx_word' id='word_1_64' title='bbox 249 833 489 878; x_wconf 83' lang='lat' dir='ltr'>exorbitare</span> <span class='ocrx_word' id='word_1_65' title='bbox 509 832 690 878; x_wconf 72' lang='lat' dir='ltr'>voluisse</span> <span class='ocrx_word' id='word_1_66' title='bbox 706 869 717 887; x_wconf 85' lang='lat'>‚</span> <span class='ocrx_word' id='word_1_67' title='bbox 747 842 787 877; x_wconf 89' lang='lat' dir='ltr'>et</span> <span class='ocrx_word' id='word_1_68' title='bbox 806 831 851 877; x_wconf 91' lang='lat' dir='ltr'>in</span> <span class='ocrx_word' id='word_1_69' title='bbox 867 832 1090 892; x_wconf 69' lang='lat' dir='ltr'>vulgarem</span> <span class='ocrx_word' id='word_1_70' title='bbox 1116 843 1244 895; x_wconf 87' lang='lat' dir='ltr'>atque</span> <span class='ocrx_word' id='word_1_71' title='bbox 1264 834 1486 895; x_wconf 66' lang='lat' dir='ltr'>poeticam</span> 
     </span>
     <span class='ocr_line' id='line_1_10' title="bbox 111 901 1491 966; baseline 0.001 -19"><span class='ocrx_word' id='word_1_72' title='bbox 111 903 386 962; x_wconf 83' lang='lat' dir='ltr'>Paganorum</span> <span class='ocrx_word' id='word_1_73' title='bbox 411 902 684 965; x_wconf 85' lang='lat' dir='ltr'>opinionem,</span> <span class='ocrx_word' id='word_1_74' title='bbox 719 919 741 946; x_wconf 88' lang='lat' dir='ltr'>a</span> <span class='ocrx_word' id='word_1_75' title='bbox 765 901 927 964; x_wconf 90' lang='lat' dir='ltr'>quibus</span> <span class='ocrx_word' id='word_1_76' title='bbox 951 919 992 947; x_wconf 91' lang='lat' dir='ltr'>se</span> <span class='ocrx_word' id='word_1_77' title='bbox 1027 902 1333 948; x_wconf 86' lang='lat' dir='ltr'>alienissimum</span> <span class='ocrx_word' id='word_1_78' title='bbox 1367 903 1491 966; x_wconf 81' lang='lat' dir='ltr'>cupit</span> 
     </span>
     <span class='ocr_line' id='line_1_11' title="bbox 111 971 1491 1037; baseline 0.001 -20"><span class='ocrx_word' id='word_1_79' title='bbox 111 971 280 1029; x_wconf 85' lang='lat' dir='ltr'>videri,</span> <span class='ocrx_word' id='word_1_80' title='bbox 307 972 450 1019; x_wconf 88' lang='lat' dir='ltr'>nescio</span> <span class='ocrx_word' id='word_1_81' title='bbox 480 971 701 1037; x_wconf 91' lang='lat' dir='ltr'>quomodo</span> <span class='ocrx_word' id='word_1_82' title='bbox 736 972 962 1018; x_wconf 89' lang='lat' dir='ltr'>incautum</span> <span class='ocrx_word' id='word_1_83' title='bbox 995 972 1211 1019; x_wconf 82' lang='lat' dir='ltr'>incidisse.</span> <span class='ocrx_word' id='word_1_84' title='bbox 1244 976 1355 1019; x_wconf 87' lang='lat' dir='ltr'>Cum</span> <span class='ocrx_word' id='word_1_85' title='bbox 1376 974 1491 1019; x_wconf 90' lang='lat' dir='ltr'>enim</span> 
     </span>
     <span class='ocr_line' id='line_1_12' title="bbox 114 1042 1492 1106; baseline 0.001 -17"><span class='ocrx_word' id='word_1_86' title='bbox 114 1042 283 1089; x_wconf 80' lang='lat' dir='ltr'>dixisset</span> <span class='ocrx_word' id='word_1_87' title='bbox 304 1061 381 1089; x_wconf 90' lang='lat' dir='ltr'>nos</span> <span class='ocrx_word' id='word_1_88' title='bbox 403 1045 576 1089; x_wconf 80' lang='lat' dir='ltr'>vertisse</span> <span class='ocrx_word' id='word_1_89' title='bbox 598 1043 713 1089; x_wconf 89' lang='lat' dir='ltr'>idola</span> <span class='ocrx_word' id='word_1_90' title='bbox 741 1043 784 1088; x_wconf 89' lang='lat' dir='ltr'>in</span> <span class='ocrx_word' id='word_1_91' title='bbox 813 1045 1022 1106; x_wconf 64' lang='lat' dir='ltr'>Martyres</span> <span class='ocrx_word' id='word_1_92' title='bbox 1039 1081 1049 1098; x_wconf 85' lang='lat'><strong>‚</strong></span> <span class='ocrx_word' id='word_1_93' title='bbox 1075 1043 1228 1099; x_wconf 81' lang='lat' dir='ltr'>«Quos</span> <span class='ocrx_word' id='word_1_94' title='bbox 1252 1044 1363 1090; x_wconf 75' lang='lat' dir='ltr'>votis</span> <span class='ocrx_word' id='word_1_95' title='bbox 1380 1082 1391 1101; x_wconf 84' lang='grc'>,</span> <span class='ocrx_word' id='word_1_96' title='bbox 1419 1045 1492 1090; x_wconf 93' lang='lat' dir='ltr'>in-</span> 
     </span>
     <span class='ocr_line' id='line_1_13' title="bbox 113 1112 1493 1177; baseline 0.001 -19"><span class='ocrx_word' id='word_1_97' title='bbox 113 1114 236 1176; x_wconf 72' lang='lat' dir='ltr'>quit,</span> <span class='ocrx_word' id='word_1_98' title='bbox 277 1114 490 1159; x_wconf 85' lang='lat' dir='ltr'>similibus</span> <span class='ocrx_word' id='word_1_99' title='bbox 524 1113 664 1159; x_wconf 82' lang='lat' dir='ltr'>colitis</span> <span class='ocrx_word' id='word_1_100' title='bbox 684 1151 694 1167; x_wconf 83' lang='lat'><strong>‚</strong></span> <span class='ocrx_word' id='word_1_101' title='bbox 723 1112 1034 1159; x_wconf 81' lang='lat' dir='ltr'>defunctorum</span> <span class='ocrx_word' id='word_1_102' title='bbox 1066 1113 1243 1158; x_wconf 88' lang='lat' dir='ltr'>umbras</span> <span class='ocrx_word' id='word_1_103' title='bbox 1264 1114 1366 1159; x_wconf 67' lang='lat' dir='ltr'>vino</span> <span class='ocrx_word' id='word_1_104' title='bbox 1399 1114 1493 1177; x_wconf 82' lang='lat' dir='ltr'>pla-</span> 
     </span>
     <span class='ocr_line' id='line_1_14' title="bbox 119 1183 1494 1246; baseline 0.001 -17"><span class='ocrx_word' id='word_1_105' title='bbox 119 1184 227 1229; x_wconf 89' lang='lat' dir='ltr'>catis</span> <span class='ocrx_word' id='word_1_106' title='bbox 265 1194 306 1229; x_wconf 88' lang='lat' dir='ltr'>et</span> <span class='ocrx_word' id='word_1_107' title='bbox 344 1183 533 1246; x_wconf 85' lang='lat' dir='ltr'>dapibus</span> <span class='ocrx_word' id='word_1_108' title='bbox 560 1202 570 1228; x_wconf 88' lang='lat'>:</span> <span class='ocrx_word' id='word_1_109' title='bbox 600 1204 620 1223; x_wconf 87' lang='lat'>»</span> <span class='ocrx_word' id='word_1_110' title='bbox 663 1194 763 1229; x_wconf 86' lang='lat' dir='ltr'>sunt</span> <span class='ocrx_word' id='word_1_111' title='bbox 799 1201 899 1243; x_wconf 82' lang='lat' dir='ltr'>ergo</span> <span class='ocrx_word' id='word_1_112' title='bbox 938 1184 1109 1229; x_wconf 84' lang='lat' dir='ltr'>umbrae</span> <span class='ocrx_word' id='word_1_113' title='bbox 1153 1183 1494 1230; x_wconf 64' lang='lat' dir='ltr'>defunctorum?</span> 
     </span>
     <span class='ocr_line' id='line_1_15' title="bbox 118 1253 1502 1319; baseline 0.001 -21"><span class='ocrx_word' id='word_1_114' title='bbox 118 1253 355 1317; x_wconf 80' lang='lat' dir='ltr'>Nunquam</span> <span class='ocrx_word' id='word_1_115' title='bbox 376 1253 462 1299; x_wconf 88' lang='lat' dir='ltr'>hoc</span> <span class='ocrx_word' id='word_1_116' title='bbox 480 1254 525 1298; x_wconf 90' lang='lat' dir='ltr'>in</span> <span class='ocrx_word' id='word_1_117' title='bbox 544 1254 693 1300; x_wconf 79' lang='lat' dir='ltr'>vestris</span> <span class='ocrx_word' id='word_1_118' title='bbox 706 1254 975 1299; x_wconf 83' lang='lat' dir='ltr'>sermonibus</span> <span class='ocrx_word' id='word_1_119' title='bbox 998 1253 1260 1310; x_wconf 76' lang='lat' dir='ltr'>audivimus,</span> <span class='ocrx_word' id='word_1_120' title='bbox 1276 1271 1502 1319; x_wconf 87' lang='lat' dir='ltr'>nunquam</span> 
     </span>
     <span class='ocr_line' id='line_1_16' title="bbox 119 1322 1502 1388; baseline 0.001 -20"><span class='ocrx_word' id='word_1_121' title='bbox 119 1322 163 1369; x_wconf 91' lang='lat' dir='ltr'>in</span> <span class='ocrx_word' id='word_1_122' title='bbox 184 1323 338 1368; x_wconf 89' lang='lat' dir='ltr'>litteris</span> <span class='ocrx_word' id='word_1_123' title='bbox 365 1323 546 1383; x_wconf 84' lang='lat' dir='ltr'>legimus</span> <span class='ocrx_word' id='word_1_124' title='bbox 571 1341 581 1368; x_wconf 76' lang='lat' dir='ltr'>t</span> <span class='ocrx_word' id='word_1_125' title='bbox 604 1324 693 1369; x_wconf 91' lang='lat' dir='ltr'>imo</span> <span class='ocrx_word' id='word_1_126' title='bbox 716 1323 1013 1369; x_wconf 81' lang='lat' dir='ltr'>contradicere</span> <span class='ocrx_word' id='word_1_127' title='bbox 1042 1323 1184 1369; x_wconf 87' lang='lat' dir='ltr'>soletis</span> <span class='ocrx_word' id='word_1_128' title='bbox 1212 1324 1370 1370; x_wconf 90' lang='lat' dir='ltr'>talibus</span> <span class='ocrx_word' id='word_1_129' title='bbox 1399 1325 1502 1388; x_wconf 89' lang='lat' dir='ltr'>opi-</span> 
     </span>
     <span class='ocr_line' id='line_1_17' title="bbox 120 1394 1503 1451; baseline 0.001 -11"><span class='ocrx_word' id='word_1_130' title='bbox 120 1394 329 1440; x_wconf 85' lang='lat' dir='ltr'>nionibus</span> <span class='ocrx_word' id='word_1_131' title='bbox 352 1432 362 1451; x_wconf 78' lang='lat'>‚</span> <span class='ocrx_word' id='word_1_132' title='bbox 388 1405 616 1440; x_wconf 79' lang='lat' dir='ltr'>asserentes</span> <span class='ocrx_word' id='word_1_133' title='bbox 646 1395 809 1439; x_wconf 88' lang='lat' dir='ltr'>animas</span> <span class='ocrx_word' id='word_1_134' title='bbox 830 1404 1105 1440; x_wconf 87' lang='lat' dir='ltr'>mortuorum</span> <span class='ocrx_word' id='word_1_135' title='bbox 1138 1394 1271 1440; x_wconf 88' lang='lat' dir='ltr'>malas</span> <span class='ocrx_word' id='word_1_136' title='bbox 1306 1396 1503 1442; x_wconf 88' lang='lat' dir='ltr'>minusve</span> 
     </span>
     <span class='ocr_line' id='line_1_18' title="bbox 121 1463 1505 1528; baseline 0.001 -19"><span class='ocrx_word' id='word_1_137' title='bbox 121 1474 332 1528; x_wconf 86' lang='lat' dir='ltr'>purgatas</span> <span class='ocrx_word' id='word_1_138' title='bbox 346 1501 355 1518; x_wconf 83' lang='lat'><strong>‚</strong></span> <span class='ocrx_word' id='word_1_139' title='bbox 385 1475 458 1509; x_wconf 86' lang='lat' dir='ltr'>aut</span> <span class='ocrx_word' id='word_1_140' title='bbox 482 1464 526 1509; x_wconf 91' lang='lat' dir='ltr'>in</span> <span class='ocrx_word' id='word_1_141' title='bbox 544 1463 834 1509; x_wconf 85' lang='lat' dir='ltr'>revolutiones</span> <span class='ocrx_word' id='word_1_142' title='bbox 853 1465 930 1520; x_wconf 75' lang='lat' dir='ltr'>ire,</span> <span class='ocrx_word' id='word_1_143' title='bbox 953 1475 1028 1509; x_wconf 88' lang='lat' dir='ltr'>aut</span> <span class='ocrx_word' id='word_1_144' title='bbox 1046 1468 1090 1509; x_wconf 84' lang='lat' dir='ltr'>&#39;m</span> <span class='ocrx_word' id='word_1_145' title='bbox 1106 1465 1320 1524; x_wconf 69' lang='lat' dir='ltr'>graviores</span> <span class='ocrx_word' id='word_1_146' title='bbox 1340 1465 1505 1528; x_wconf 86' lang='lat' dir='ltr'>aliquas</span> 
     </span>
     <span class='ocr_line' id='line_1_19' title="bbox 121 1535 1504 1598; baseline 0.002 -19"><span class='ocrx_word' id='word_1_147' title='bbox 121 1551 282 1598; x_wconf 87' lang='lat' dir='ltr'>poenas</span> <span class='ocrx_word' id='word_1_148' title='bbox 301 1554 312 1587; x_wconf 89' lang='lat'>;</span> <span class='ocrx_word' id='word_1_149' title='bbox 338 1535 476 1579; x_wconf 86' lang='lat' dir='ltr'>bonas</span> <span class='ocrx_word' id='word_1_150' title='bbox 497 1545 639 1579; x_wconf 89' lang='lat' dir='ltr'>autem</span> <span class='ocrx_word' id='word_1_151' title='bbox 663 1535 708 1580; x_wconf 89' lang='lat' dir='ltr'>in</span> <span class='ocrx_word' id='word_1_152' title='bbox 727 1551 854 1579; x_wconf 70' lang='lat' dir='ltr'>naves</span> <span class='ocrx_word' id='word_1_153' title='bbox 881 1535 1048 1597; x_wconf 89' lang='lat' dir='ltr'>imponi</span> <span class='ocrx_word' id='word_1_154' title='bbox 1072 1571 1082 1591; x_wconf 84' lang='lat'><strong>,</strong></span> <span class='ocrx_word' id='word_1_155' title='bbox 1111 1545 1152 1579; x_wconf 86' lang='lat' dir='ltr'>et</span> <span class='ocrx_word' id='word_1_156' title='bbox 1174 1535 1218 1579; x_wconf 87' lang='lat' dir='ltr'>in</span> <span class='ocrx_word' id='word_1_157' title='bbox 1239 1535 1353 1581; x_wconf 89' lang='lat' dir='ltr'>coelo</span> <span class='ocrx_word' id='word_1_158' title='bbox 1376 1536 1504 1582; x_wconf 88' lang='lat' dir='ltr'>navi-</span> 
     </span>
     <span class='ocr_line' id='line_1_20' title="bbox 125 1603 1501 1666; baseline 0.002 -19"><span class='ocrx_word' id='word_1_159' title='bbox 125 1613 271 1663; x_wconf 87' lang='lat' dir='ltr'>gantes</span> <span class='ocrx_word' id='word_1_160' title='bbox 299 1604 478 1649; x_wconf 84' lang='lat' dir='ltr'>transire</span> <span class='ocrx_word' id='word_1_161' title='bbox 502 1603 609 1649; x_wconf 85' lang='lat' dir='ltr'>hinc</span> <span class='ocrx_word' id='word_1_162' title='bbox 643 1603 687 1648; x_wconf 92' lang='lat' dir='ltr'>in</span> <span class='ocrx_word' id='word_1_163' title='bbox 722 1603 832 1648; x_wconf 86' lang='lat' dir='ltr'>illud</span> <span class='ocrx_word' id='word_1_164' title='bbox 855 1603 1116 1666; x_wconf 82' lang='lat' dir='ltr'>phantasma</span> <span class='ocrx_word' id='word_1_165' title='bbox 1142 1615 1265 1649; x_wconf 84' lang='lat' dir='ltr'>terrae</span> <span class='ocrx_word' id='word_1_166' title='bbox 1289 1604 1465 1650; x_wconf 90' lang='lat' dir='ltr'>luminis</span> <span class='ocrx_word' id='word_1_167' title='bbox 1489 1643 1501 1662; x_wconf 81' lang='grc'>,</span> 
     </span>
     <span class='ocr_line' id='line_1_21' title="bbox 124 1674 1503 1738; baseline 0.001 -19"><span class='ocrx_word' id='word_1_168' title='bbox 124 1691 207 1737; x_wconf 87' lang='lat' dir='ltr'>pro</span> <span class='ocrx_word' id='word_1_169' title='bbox 230 1690 316 1738; x_wconf 90' lang='lat' dir='ltr'>qua</span> <span class='ocrx_word' id='word_1_170' title='bbox 341 1674 580 1737; x_wconf 87' lang='lat' dir='ltr'>pugnando</span> <span class='ocrx_word' id='word_1_171' title='bbox 602 1674 821 1737; x_wconf 85' lang='lat' dir='ltr'>perierant</span> <span class='ocrx_word' id='word_1_172' title='bbox 860 1692 870 1718; x_wconf 73' lang='grc' dir='ltr'>ε</span> <span class='ocrx_word' id='word_1_173' title='bbox 914 1675 973 1719; x_wconf 89' lang='lat' dir='ltr'>ita</span> <span class='ocrx_word' id='word_1_174' title='bbox 1007 1674 1148 1719; x_wconf 86' lang='lat' dir='ltr'>nullas</span> <span class='ocrx_word' id='word_1_175' title='bbox 1188 1675 1350 1721; x_wconf 87' lang='lat' dir='ltr'>animas</span> <span class='ocrx_word' id='word_1_176' title='bbox 1387 1676 1503 1722; x_wconf 85' lang='lat' dir='ltr'>circa</span> 
     </span>
     <span class='ocr_line' id='line_1_22' title="bbox 127 1742 1506 1807; baseline 0.003 -19"><span class='ocrx_word' id='word_1_177' title='bbox 127 1751 303 1789; x_wconf 85' lang='lat' dir='ltr'>suorum</span> <span class='ocrx_word' id='word_1_178' title='bbox 325 1760 561 1807; x_wconf 84' lang='lat' dir='ltr'>corporum</span> <span class='ocrx_word' id='word_1_179' title='bbox 581 1742 776 1806; x_wconf 85' lang='lat' dir='ltr'>sepulcra</span> <span class='ocrx_word' id='word_1_180' title='bbox 803 1743 984 1789; x_wconf 86' lang='lat' dir='ltr'>detineri</span> <span class='ocrx_word' id='word_1_181' title='bbox 1015 1761 1025 1788; x_wconf 90' lang='lat'><strong>:</strong></span> <span class='ocrx_word' id='word_1_182' title='bbox 1054 1744 1168 1789; x_wconf 91' lang='lat' dir='ltr'>unde</span> <span class='ocrx_word' id='word_1_183' title='bbox 1186 1745 1317 1804; x_wconf 86' lang='lat' dir='ltr'>igitur</span> <span class='ocrx_word' id='word_1_184' title='bbox 1335 1746 1506 1792; x_wconf 79' lang='lat' dir='ltr'>umbrae</span> 
     </span>
     <span class='ocr_line' id='line_1_23' title="bbox 128 1812 1505 1876; baseline 0.001 -17"><span class='ocrx_word' id='word_1_185' title='bbox 128 1812 470 1859; x_wconf 68' lang='lat' dir='ltr'>defunctorum?</span> <span class='ocrx_word' id='word_1_186' title='bbox 508 1829 609 1876; x_wconf 69' lang='lat' dir='ltr'>quae</span> <span class='ocrx_word' id='word_1_187' title='bbox 643 1813 884 1858; x_wconf 86' lang='lat' dir='ltr'>substantia</span> <span class='ocrx_word' id='word_1_188' title='bbox 921 1830 1094 1869; x_wconf 85' lang='lat' dir='ltr'>earum,</span> <span class='ocrx_word' id='word_1_189' title='bbox 1122 1813 1199 1876; x_wconf 87' lang='lat' dir='ltr'>qui</span> <span class='ocrx_word' id='word_1_190' title='bbox 1231 1814 1382 1861; x_wconf 74' lang='lat' dir='ltr'>locus?</span> <span class='ocrx_word' id='word_1_191' title='bbox 1419 1815 1505 1861; x_wconf 86' lang='lat' dir='ltr'>Sed</span> 
     </span>
     <span class='ocr_line' id='line_1_24' title="bbox 129 1882 1505 1947; baseline 0.001 -18"><span class='ocrx_word' id='word_1_192' title='bbox 129 1882 418 1930; x_wconf 87' lang='lat' dir='ltr'>maledicendi</span> <span class='ocrx_word' id='word_1_193' title='bbox 443 1882 683 1946; x_wconf 85' lang='lat' dir='ltr'>cupiditate</span> <span class='ocrx_word' id='word_1_194' title='bbox 703 1883 882 1928; x_wconf 87' lang='lat' dir='ltr'>Faustus</span> <span class='ocrx_word' id='word_1_195' title='bbox 908 1883 984 1946; x_wconf 90' lang='lat' dir='ltr'>qui</span> <span class='ocrx_word' id='word_1_196' title='bbox 1010 1884 1314 1947; x_wconf 80' lang='lat' dir='ltr'>profiteretur,</span> <span class='ocrx_word' id='word_1_197' title='bbox 1343 1884 1505 1931; x_wconf 88' lang='lat' dir='ltr'>oblitus</span> 
     </span>
     <span class='ocr_line' id='line_1_25' title="bbox 131 1951 1506 2011; baseline 0.001 -12"><span class='ocrx_word' id='word_1_198' title='bbox 131 1963 193 1999; x_wconf 88' lang='lat' dir='ltr'>est</span> <span class='ocrx_word' id='word_1_199' title='bbox 216 1971 226 1998; x_wconf 95' lang='lat'>:</span> <span class='ocrx_word' id='word_1_200' title='bbox 255 1963 329 1998; x_wconf 86' lang='lat' dir='ltr'>aut</span> <span class='ocrx_word' id='word_1_201' title='bbox 344 1951 453 1998; x_wconf 87' lang='lat' dir='ltr'>forte</span> <span class='ocrx_word' id='word_1_202' title='bbox 473 1953 712 1999; x_wconf 88' lang='lat' dir='ltr'>dormitans</span> <span class='ocrx_word' id='word_1_203' title='bbox 733 1954 910 1998; x_wconf 89' lang='lat' dir='ltr'>umbras</span> <span class='ocrx_word' id='word_1_204' title='bbox 930 1953 1184 1999; x_wconf 89' lang='lat' dir='ltr'>somniando</span> <span class='ocrx_word' id='word_1_205' title='bbox 1208 1954 1406 2011; x_wconf 62' lang='lat' dir='ltr'>dictarit‚</span> <span class='ocrx_word' id='word_1_206' title='bbox 1425 1972 1506 2001; x_wconf 88' lang='lat' dir='ltr'>nec</span> 
     </span>
     <span class='ocr_line' id='line_1_26' title="bbox 133 2022 1505 2087; baseline 0.001 -16"><span class='ocrx_word' id='word_1_207' title='bbox 133 2041 234 2071; x_wconf 89' lang='lat' dir='ltr'>cum</span> <span class='ocrx_word' id='word_1_208' title='bbox 259 2023 393 2071; x_wconf 83' lang='lat' dir='ltr'>verba</span> <span class='ocrx_word' id='word_1_209' title='bbox 417 2041 492 2070; x_wconf 89' lang='lat' dir='ltr'>sua</span> <span class='ocrx_word' id='word_1_210' title='bbox 513 2022 672 2084; x_wconf 85' lang='lat' dir='ltr'>legeret</span> <span class='ocrx_word' id='word_1_211' title='bbox 693 2061 703 2079; x_wconf 85' lang='lat'><strong>‚</strong></span> <span class='ocrx_word' id='word_1_212' title='bbox 728 2023 960 2084; x_wconf 70' lang='lat' dir='ltr'>evigilarit.</span> <span class='ocrx_word' id='word_1_213' title='bbox 982 2024 1179 2087; x_wconf 83' lang='lat' dir='ltr'>Populus</span> <span class='ocrx_word' id='word_1_214' title='bbox 1199 2036 1339 2071; x_wconf 89' lang='lat' dir='ltr'>autem</span> <span class='ocrx_word' id='word_1_215' title='bbox 1355 2026 1505 2072; x_wconf 86' lang='lat' dir='ltr'>Chris-</span> 
     </span>
     <span class='ocr_line' id='line_1_27' title="bbox 136 2095 1507 2158; baseline 0.002 -17"><span class='ocrx_word' id='word_1_216' title='bbox 136 2096 275 2141; x_wconf 83' lang='lat' dir='ltr'>tianus</span> <span class='ocrx_word' id='word_1_217' title='bbox 306 2095 532 2141; x_wconf 86' lang='lat' dir='ltr'>memorias</span> <span class='ocrx_word' id='word_1_218' title='bbox 563 2097 805 2158; x_wconf 67' lang='lat' dir='ltr'>Martyrum</span> <span class='ocrx_word' id='word_1_219' title='bbox 838 2095 1034 2155; x_wconf 84' lang='lat' dir='ltr'>religiosa</span> <span class='ocrx_word' id='word_1_220' title='bbox 1058 2095 1323 2143; x_wconf 87' lang='lat' dir='ltr'>solemnitate</span> <span class='ocrx_word' id='word_1_221' title='bbox 1348 2114 1507 2144; x_wconf 87' lang='lat' dir='ltr'>conce-</span> 
     </span>
     <span class='ocr_line' id='line_1_28' title="bbox 135 2164 1509 2221; baseline 0.001 -10"><span class='ocrx_word' id='word_1_222' title='bbox 135 2164 302 2212; x_wconf 88' lang='lat' dir='ltr'>lebrat.</span> <span class='ocrx_word' id='word_1_223' title='bbox 332 2175 374 2211; x_wconf 88' lang='lat' dir='ltr'>et</span> <span class='ocrx_word' id='word_1_224' title='bbox 399 2165 455 2211; x_wconf 91' lang='lat' dir='ltr'>ad</span> <span class='ocrx_word' id='word_1_225' title='bbox 474 2165 745 2212; x_wconf 80' lang='lat' dir='ltr'>excitandam</span> <span class='ocrx_word' id='word_1_226' title='bbox 769 2165 1053 2211; x_wconf 89' lang='lat' dir='ltr'>imitationem</span> <span class='ocrx_word' id='word_1_227' title='bbox 1070 2202 1080 2221; x_wconf 89' lang='lat'><strong><em>‚</em></strong></span> <span class='ocrx_word' id='word_1_228' title='bbox 1110 2176 1151 2211; x_wconf 91' lang='lat' dir='ltr'>et</span> <span class='ocrx_word' id='word_1_229' title='bbox 1172 2177 1220 2212; x_wconf 91' lang='lat' dir='ltr'>ut</span> <span class='ocrx_word' id='word_1_230' title='bbox 1243 2168 1406 2214; x_wconf 86' lang='lat' dir='ltr'>meritis</span> <span class='ocrx_word' id='word_1_231' title='bbox 1431 2184 1509 2213; x_wconf 90' lang='lat' dir='ltr'>eo·-</span> 
     </span>
     <span class='ocr_line' id='line_1_29' title="bbox 137 2235 1509 2300; baseline 0.001 -19"><span class='ocrx_word' id='word_1_232' title='bbox 137 2251 234 2281; x_wconf 88' lang='lat' dir='ltr'>rum</span> <span class='ocrx_word' id='word_1_233' title='bbox 252 2235 541 2292; x_wconf 85' lang='lat' dir='ltr'>consocietur,</span> <span class='ocrx_word' id='word_1_234' title='bbox 567 2247 695 2300; x_wconf 87' lang='lat' dir='ltr'>atque</span> <span class='ocrx_word' id='word_1_235' title='bbox 715 2235 988 2282; x_wconf 87' lang='lat' dir='ltr'>orationibus</span> <span class='ocrx_word' id='word_1_236' title='bbox 1009 2235 1240 2298; x_wconf 82' lang='lat' dir='ltr'>adjuvetur</span> <span class='ocrx_word' id='word_1_237' title='bbox 1259 2254 1269 2282; x_wconf 90' lang='lat'><strong>:</strong></span> <span class='ocrx_word' id='word_1_238' title='bbox 1287 2237 1346 2283; x_wconf 89' lang='lat' dir='ltr'>ita</span> <span class='ocrx_word' id='word_1_239' title='bbox 1365 2248 1509 2284; x_wconf 87' lang='lat' dir='ltr'>tamen</span> 
     </span>
     <span class='ocr_line' id='line_1_30' title="bbox 140 2304 1502 2370; baseline 0.002 -20"><span class='ocrx_word' id='word_1_240' title='bbox 140 2315 188 2351; x_wconf 91' lang='lat' dir='ltr'>ut</span> <span class='ocrx_word' id='word_1_241' title='bbox 200 2304 309 2351; x_wconf 87' lang='lat' dir='ltr'>nulli</span> <span class='ocrx_word' id='word_1_242' title='bbox 321 2307 584 2370; x_wconf 70' lang='lat' dir='ltr'>Martyrum,</span> <span class='ocrx_word' id='word_1_243' title='bbox 611 2306 684 2352; x_wconf 90' lang='lat' dir='ltr'>sed</span> <span class='ocrx_word' id='word_1_244' title='bbox 703 2306 787 2370; x_wconf 89' lang='lat' dir='ltr'>ipsi</span> <span class='ocrx_word' id='word_1_245' title='bbox 811 2307 902 2351; x_wconf 94' lang='lat' dir='ltr'>Deo</span> <span class='ocrx_word' id='word_1_246' title='bbox 921 2307 1167 2369; x_wconf 75' lang='lat' dir='ltr'>Martyrum</span> <span class='ocrx_word' id='word_1_247' title='bbox 1194 2308 1502 2363; x_wconf 86' lang='lat' dir='ltr'>sacrificemus,</span> 
     </span>
     <span class='ocr_line' id='line_1_31' title="bbox 138 2372 1512 2439; baseline 0.002 -19"><span class='ocrx_word' id='word_1_248' title='bbox 138 2374 336 2439; x_wconf 86' lang='lat' dir='ltr'>quamvis</span> <span class='ocrx_word' id='word_1_249' title='bbox 348 2372 393 2422; x_wconf 90' lang='lat' dir='ltr'>in</span> <span class='ocrx_word' id='word_1_250' title='bbox 407 2376 621 2422; x_wconf 86' lang='lat' dir='ltr'>memoriis</span> <span class='ocrx_word' id='word_1_251' title='bbox 636 2378 881 2439; x_wconf 64' lang='lat' dir='ltr'>Martyrum</span> <span class='ocrx_word' id='word_1_252' title='bbox 897 2377 1207 2423; x_wconf 87' lang='lat' dir='ltr'>constituamus</span> <span class='ocrx_word' id='word_1_253' title='bbox 1224 2377 1389 2423; x_wconf 85' lang='lat' dir='ltr'>altaria.</span> <span class='ocrx_word' id='word_1_254' title='bbox 1402 2378 1512 2433; x_wconf 84' lang='lat' dir='ltr'>Quis</span> 
     </span>
     <span class='ocr_line' id='line_1_32' title="bbox 142 2445 1510 2512; baseline 0.002 -22"><span class='ocrx_word' id='word_1_255' title='bbox 142 2446 256 2490; x_wconf 90' lang='lat' dir='ltr'>enim</span> <span class='ocrx_word' id='word_1_256' title='bbox 271 2447 512 2492; x_wconf 84' lang='lat' dir='ltr'>antistitum</span> <span class='ocrx_word' id='word_1_257' title='bbox 526 2445 686 2493; x_wconf 89' lang='lat' dir='ltr'>inlocis</span> <span class='ocrx_word' id='word_1_258' title='bbox 711 2457 958 2493; x_wconf 85' lang='lat' dir='ltr'>sanctorum</span> <span class='ocrx_word' id='word_1_259' title='bbox 977 2463 1212 2512; x_wconf 87' lang='lat' dir='ltr'>corporum</span> <span class='ocrx_word' id='word_1_260' title='bbox 1233 2448 1424 2493; x_wconf 85' lang='lat' dir='ltr'>assistens</span> <span class='ocrx_word' id='word_1_261' title='bbox 1441 2447 1510 2493; x_wconf 86' lang='lat' dir='ltr'>al—</span> 
     </span>
     <span class='ocr_line' id='line_1_33' title="bbox 142 2516 1506 2582; baseline 0.002 -21"><span class='ocrx_word' id='word_1_262' title='bbox 142 2516 243 2573; x_wconf 87' lang='lat' dir='ltr'>tari,</span> <span class='ocrx_word' id='word_1_263' title='bbox 267 2516 500 2582; x_wconf 89' lang='lat' dir='ltr'>aliquando</span> <span class='ocrx_word' id='word_1_264' title='bbox 524 2517 630 2564; x_wconf 84' lang='lat' dir='ltr'>dixit</span> <span class='ocrx_word' id='word_1_265' title='bbox 658 2535 668 2562; x_wconf 92' lang='lat'><strong>:</strong></span> <span class='ocrx_word' id='word_1_266' title='bbox 698 2518 930 2563; x_wconf 85' lang='lat' dir='ltr'>Offerimus</span> <span class='ocrx_word' id='word_1_267' title='bbox 950 2517 1049 2575; x_wconf 88' lang='lat' dir='ltr'>tibi,</span> <span class='ocrx_word' id='word_1_268' title='bbox 1078 2519 1203 2564; x_wconf 87' lang='lat' dir='ltr'>Petre</span> <span class='ocrx_word' id='word_1_269' title='bbox 1219 2555 1230 2575; x_wconf 88' lang='lat'>‚</span> <span class='ocrx_word' id='word_1_270' title='bbox 1259 2528 1333 2563; x_wconf 89' lang='lat' dir='ltr'>aut</span> <span class='ocrx_word' id='word_1_271' title='bbox 1353 2517 1506 2574; x_wconf 84' lang='lat' dir='ltr'>Paule,</span> 
     </span>
     <span class='ocr_line' id='line_1_34' title="bbox 145 2586 1515 2652; baseline 0.001 -21"><span class='ocrx_word' id='word_1_272' title='bbox 145 2595 220 2632; x_wconf 83' lang='lat' dir='ltr'>aut</span> <span class='ocrx_word' id='word_1_273' title='bbox 240 2587 460 2650; x_wconf 83' lang='lat' dir='ltr'>Cypriane</span> <span class='ocrx_word' id='word_1_274' title='bbox 479 2605 490 2634; x_wconf 70' lang='grc' dir='ltr'><strong>ε</strong></span> <span class='ocrx_word' id='word_1_275' title='bbox 515 2587 588 2635; x_wconf 90' lang='lat' dir='ltr'>sed</span> <span class='ocrx_word' id='word_1_276' title='bbox 611 2586 731 2652; x_wconf 85' lang='lat' dir='ltr'>quod</span> <span class='ocrx_word' id='word_1_277' title='bbox 746 2588 940 2647; x_wconf 85' lang='lat' dir='ltr'>offertur,</span> <span class='ocrx_word' id='word_1_278' title='bbox 966 2589 1142 2636; x_wconf 86' lang='lat' dir='ltr'>offertur</span> <span class='ocrx_word' id='word_1_279' title='bbox 1165 2589 1256 2636; x_wconf 92' lang='lat' dir='ltr'>Deo</span> <span class='ocrx_word' id='word_1_280' title='bbox 1286 2587 1364 2652; x_wconf 92' lang='lat' dir='ltr'>qui</span> <span class='ocrx_word' id='word_1_281' title='bbox 1391 2588 1515 2635; x_wconf 86' lang='lat' dir='ltr'>Mar-</span> 
     </span>
    </p>
   </div>
   <div class='ocr_carea' id='block_1_3' title="bbox 1309 2659 1385 2713">
    <p class='ocr_par' dir='ltr' id='par_1_4' title="bbox 1309 2659 1385 2713">
     <span class='ocr_line' id='line_1_35' title="bbox 1309 2659 1385 2713; baseline 0.013 -9"><span class='ocrx_word' id='word_1_282' title='bbox 1309 2659 1385 2713; x_wconf 72' lang='lat'>34,</span> 
     </span>
    </p>
   </div>
  </div>
 </body>
</html>
