1795 3253
290 260 466 293 courRA
502 261 702 294 unsrun
737 260 1038 303 MAMcnffitzxn
1078 262 1164 294 mss.
1206 264 1278 294 xx.
1377 248 1470 311 5¹9

96 342 264 373 eorum.
293 326 424 383 Quod
442 327 477 373 si
498 328 678 374 Faustus
701 327 931 387 cogitaret,
957 345 1041 373 non
1068 339 1157 373 tam
1181 326 1338 374 diserte
1357 327 1469 373 deli-

102 408 230 444 raret.

163 468 243 514 XI.
286 467 408 524 Quid
432 478 574 514 autem
598 468 704 514 hinc
730 467 875 513 dicam
897 504 907 523 ,
934 467 1054 530 quod
1079 468 1138 513 ait
1162 485 1173 512 ε
1196 468 1288 512 «Ex
1304 468 1470 514 viribus

98 538 236 584 sancti
256 538 443 602 Spiritus
461 556 509 584 ac
525 539 710 603 spiritali
728 538 977 602 profusione
998 550 1154 584 terram
1178 554 1352 602 quoque
1369 556 1472 585 con-

98 608 331 671 cipientem
348 646 359 665 ‚
385 610 555 669 gignere
573 609 801 673 patibilem
823 609 849 653 J
852 625 969 654 esum
984 646 994 665 ‚
1017 610 1092 672 qui
1110 620 1171 654 est
1189 609 1278 655 vita
1293 627 1342 655 ac
1361 610 1474 656 salus

98 679 329 726 hominum
356 681 476 726 omni
500 697 729 743 suspensus
752 697 798 726 ex
825 679 944 739 ligno
962 683 980 725 ἓ
995 701 1015 721 n
1046 681 1085 726 O
1108 680 1306 735 demens,
1332 691 1380 726 ut
1398 681 1471 726 in—

99 749 223 794 terim
242 767 330 795 non
358 749 590 795 discutiam
609 751 662 796 de
679 751 763 796 hac
783 767 828 795 re
852 760 991 796 vestra
1016 749 1264 812 vaniloquia
1280 787 1291 806 ‚
1316 761 1475 813 potest-

97 837 151 865 ne
175 830 287 865 terra
319 819 372 865 de
409 821 578 884 Spiritu
617 831 766 867 sancto
797 820 1024 883 concipere
1048 820 1275 883 patibilem
1298 824 1442 866 Jesum
1460 859 1471 878 ,

97 900 141 935 et
166 890 304 936 Maria
320 893 442 951 virgo
464 909 553 937 non
572 893 754 955 potuit?
775 892 1018 954 Compara,
1047 891 1080 936 si
1105 890 1236 936 audes
1251 928 1260 946 ,
1287 891 1475 951 virgina-

97 960 156 1006 lia
179 961 342 1007 viscera
366 972 484 1007 tanta
505 963 699 1008 castitate
717 962 1003 1017 sanctificata,
1021 977 1122 1006 curn
1134 961 1337 1006 omnibus
1352 971 1476 1007 terrae

97 1031 206 1078 locis
225 1068 237 1087 ,
271 1030 350 1077 ubi
384 1032 560 1078 arbores
585 1033 824 1096 herbaeque
848 1033 1099 1092 gignuntur.
1141 1032 1290 1076 Ita-ne
1327 1031 1373 1077 in
1402 1031 1478 1077 illa

96 1101 281 1148 foemina
303 1102 566 1149 exhorrescis
580 1140 591 1159 ,
616 1113 691 1149 3111
710 1102 960 1148 horrescere
982 1112 1024 1147 te
1047 1101 1172 1161 fingis
1190 1111 1361 1146 uterum
1385 1118 1476 1165 pu-

100 1172 268 1218 dicitiae
286 1171 538 1218 dedicatum
556 1210 567 1229 ‚
590 1174 693 1219 etin
708 1173 848 1218 hortis
872 1173 1077 1218 omnibus
1097 1173 1261 1217 circum
1281 1188 1475 1235 quasque

99 1243 234 1289 urbes
264 1260 313 1288 ex
345 1242 554 1290 cloacinis
592 1245 713 1308 aquis
734 1248 881 1291 Jesum
906 1245 1022 1304 gigni
1054 1261 1141 1289 non
1173 1243 1474 1289 exhorrescis?

101 1313 209 1370 Quis
227 1313 343 1358 enim
368 1314 608 1376 quamlibet
627 1315 902 1361 coenulentus
925 1315 1087 1359 humor
1113 1331 1201 1359 non
1224 1313 1478 1359 innumera-

98 1384 206 1429 bilia
233 1384 424 1444 germina
446 1384 535 1430 edit
554 1396 595 1430 et
612 1386 784 1431 nutrit?
810 1386 882 1430 Sic
902 1383 1152 1447 praedicatis
1177 1383 1293 1429 nasci
1312 1383 1475 1446 patibi-

98 1454 184 1500 lem
202 1455 226 1498 J
231 1471 349 1500 esum
365 1491 376 1511 ‚
400 1471 526 1518 quem
547 1455 718 1501 credere
743 1466 895 1501 natum
915 1471 1000 1500 esse
1024 1454 1076 1499 de
1094 1454 1258 1513 virgine
1278 1453 1474 1499 clamatis

99 1525 344 1585 indignum.
376 1526 422 1572 Si
441 1543 615 1572 carnem
634 1527 799 1590 putatis
818 1525 1091 1572 immundam
1106 1562 1117 1580 ,
1143 1542 1222 1571 6111
1244 1524 1371 1570 vobis
1387 1541 1476 1569 non

99 1596 273 1642 videtur
291 1596 588 1653 immundius,
633 1597 753 1660 quod
782 1615 804 1642 a
833 1613 922 1642 51136
952 1595 1098 1641 53111115
1135 1604 1475 1658 temperamento

103 1667 198 1730 ipsa
222 1676 376 1711 natura
399 1667 538 1712 carnis
565 1670 801 1730 expurgat?
827 1668 895 1712 An
925 1683 1029 1719 caro
1049 1664 1279 1710 immunda
1302 1675 1364 1709 est
1385 1702 1395 1720 ‚
1435 1675 1477 1710 et

102 1737 228 1782 fimus
244 1736 322 1798 qui
340 1752 468 1781 carne
486 1737 674 1796 egeritur
690 1736 881 1783 mundus
898 1739 985 1782 est?
1003 1737 1101 1782 Non
1119 1753 1218 1795 ergo
1238 1734 1477 1791 attenditis,

100 1823 191 1852 non
213 1806 368 1852 videtis
384 1807 646 1852 stercoribus
661 1807 799 1852 laetari
823 1824 944 1867 agros
959 1844 969 1862 ‚
992 1823 1079 1870 quo
1105 1806 1288 1851 fertilius
1309 1804 1480 1851 foecun-

102 1876 293 1922 dentur?
327 1876 494 1940 Nempe
519 1877 574 1922 ad
595 1877 641 1923 id
658 1877 770 1923 redit
788 1887 929 1923 vestra
955 1876 1170 1922 dementia
1187 1914 1198 1932 ,
1224 1886 1273 1920 111
1293 1875 1346 1920 (16
1372 1876 1478 1939 Spi-

101 1947 191 1993 ritu
214 1957 364 1993 sancto
385 1984 397 2003 ‚
433 1963 562 2010 quem
588 1966 768 1994 carnem
802 1948 953 1993 Mariae
979 1947 1124 1993 dicitis
1156 1946 1437 2006 dedignatum
1459 1983 1471 2002 ,

103 2028 223 2064 131110
244 2017 420 2064 uberius
431 2028 473 2063 et
488 2018 630 2065 laetius
652 2030 765 2065 terra
788 2019 1010 2082 concipiat
1030 2056 1040 2074 ‚
1064 2029 1229 2081 quanto
1248 2016 1481 2062 studiosius

101 2088 233 2134 fuerit
256 2088 396 2134 6311115
418 2089 619 2135 sordibus
643 2101 684 2135 et
710 2089 984 2153 squaloribus
1005 2087 1298 2152 pinguefacta.
1332 2088 1400 2133 An
1425 2097 1476 2132 ut

101 2159 191 2205 hoc
214 2158 453 2205 defendatis
470 2197 481 2215 ‚
510 2159 662 2207 dicetis
686 2160 898 2224 Spiritum
933 2170 1129 2206 sanctum
1154 2158 1476 2204 incontamina-

102 2231 184 2277 bili
208 2230 375 2293 ubique
396 2229 560 2292 pollere
585 2231 842 2295 praesentia?
871 2230 1181 2294 Respondetur
1200 2228 1325 2275 vobis
1353 2246 1363 2273 ε
1389 2229 1480 2273 Cur

103 2319 192 2349 non
210 2317 310 2360 ergo
327 2301 437 2346 etin
458 2312 579 2347 utero
607 2301 834 2362 virginali.D
871 2301 956 2347 Sed
980 2312 1027 2347 ut
1054 2301 1108 2346 de
1137 2309 1355 2361 conceptu
1393 2302 1486 2358 jam

104 2384 270 2419 taceam
287 2408 298 2427 ‚
332 2381 509 2433 partum
536 2373 682 2436 ipsum
706 2371 863 2418 deinde
886 2372 1108 2435 respicite.
1154 2369 1486 2431 Concipientem

104 2444 158 2489 de
176 2441 344 2505 Spiritu
354 2452 502 2487 5311610
522 2442 666 2488 dicitis
676 2453 833 2488 terram
858 2443 1029 2502 gignere
1048 2440 1275 2506 patibilem
1295 2439 1320 2483 J
1325 2455 1443 2484 esum
1470 2476 1480 2494 ‚

105 2530 237 2577 quem
265 2521 410 2556 tamen
443 2511 504 2556 ita
542 2513 886 2558 contaminatum
920 2514 1038 2559 omni
1072 2530 1118 2559 ex
1152 2511 1269 2570 ligno
1296 2509 1486 2572 pendere

107 2580 350 2648 perhibetis
371 2580 417 2627 in
433 2580 635 2643 frugibus
652 2594 693 2630 et
713 2583 855 2648 pomis
868 2620 880 2641 ,
905 2595 953 2630 111
976 2578 1373 2631 innumerabilibus
1398 2579 1488 2626 ani-
