1795 3253
314 276 377 333 8'4
735 291 770 320 S.
815 290 1055 322 Aucusrixr
1092 291 1291 322 muscom

314 367 489 420 ceptum
510 373 594 401 non
609 355 853 407 intercedit,
875 357 955 402 nisi
973 358 1048 403 ubi
1069 368 1130 403 est
1151 369 1193 402 et
1210 358 1502 405 contrarietas.
1527 358 1684 404 Libera

308 427 494 472 facultas
515 426 686 472 vivendi
708 445 792 472 non
810 427 956 483 datur,
981 429 1059 474 nisi
1085 429 1159 474 nbi
1181 428 1418 491 estlapsuS,
1445 428 1683 474 secundum

314 497 508 560 Apostoli
534 498 762 552 rationem,
786 499 858 561 qui
877 499 1010 544 dicit:
1033 523 1050 539 τι
1071 502 1125 545 Et
1147 517 1220 545 vos
1239 516 1336 544 cnm
1361 500 1502 544 essetis
1526 501 1684 544 mortui

313 592 332 610 »
357 569 523 615 delictis
542 579 581 614 et
599 571 785 632 peccatis
812 571 979 625 vestris,
1011 571 1054 616 in
1081 571 1243 635 quibus
1265 570 1499 635 aliquando
1522 571 1684 616 ambu—

310 662 331 681 »
355 640 471 686 lastis
495 640 732 685 secundum
760 642 1048 700 magisterium
1085 643 1215 701 liujus
1247 642 1416 698 mundi,
1442 642 1681 688 secundum

310 733 330 753 »
356 712 597 775 principem
615 712 834 774 potestatis
859 713 969 758 aeris
989 713 1138 773 hujus.
1161 713 1336 776 spiritus
1358 713 1433 776 qui
1449 730 1566 758 nunc
1584 730 1685 775 ope-

311 804 332 825 »
360 794 479 828 ratur
506 783 548 828 in
566 783 664 828 filiis
684 782 936 828 dissidentiae
953 822 963 835 ,
986 785 1028 829 in
1054 784 1214 847 quibus
1235 794 1275 828 et
1295 801 1372 829 nos
1390 794 1431 828 et
1451 801 1596 829 omnes
1615 783 1687 828 ali-

311 875 332 896 »
360 853 536 916 quando
564 854 803 899 conversati
834 871 980 899 sumus
1015 855 1057 899 in
1082 854 1300 899 desideriis
1338 855 1476 913 carnis
1500 864 1682 910 uos-trax,

310 945 331 965 »
354 924 559 969 iacientes
579 923 821 969 voluntates
842 924 1119 969 consiliorum
1146 926 1286 970 carnis
1305 936 1347 970 ct
1367 941 1535 969 eramus
1555 935 1687 970 natu-

311 1014 332 1035 »
356 995 499 1040 raliter
518 994 594 1040 filii
616 994 710 1046 iric,
732 995 895 1039 sicutet
915 995 1074 1041 caeteri.
1100 997 1210 1040 Deus
1223 1006 1365 1040 autem
1389 995 1466 1058 qui
1488 994 1606 1039 dives
1627 1005 1688 1039 est

308 1087 329 1108 »
356 1066 399 1111 in
428 1065 545 1110 omni
573 1065 883 1121 misericordia,
908 1066 1104 1111 misertus
1121 1076 1182 1110 est
1202 1065 1344 1119 nobis,
1369 1076 1410 1110 et
1436 1082 1536 1110 cum
1575 1082 1687 1110 mor-

314 1160 330 1177 »
358 1137 420 1181 tui
440 1152 623 1181 essemus
644 1136 851 1199 peccatis,
879 1137 1202 1182 convivificavit
1227 1154 1304 1181 nos
1328 1136 1372 1181 in
1394 1135 1589 1189 Christo,
1606 1152 1688 1180 cu-

307 1227 328 1248 »
350 1211 420 1266 jus
441 1207 577 1266 gratia
600 1208 696 1252 estis
731 1207 835 1252 salvi
861 1206 963 1252 facti
983 1245 993 1263 ,
1025 1208 1153 1253 simul
1180 1219 1221 1253 et
1245 1207 1488 1260 suscitax‘it3
1522 1217 1564 1251 et
1587 1223 1688 1251 cum

307 1298 328 1318 ›>
352 1294 401 1322 eo
427 1277 655 1323 collocavit
675 1277 718 1322 in
739 1278 989 1323 coelestibus
1009 1296 1108 1324 cum
1127 1279 1302 1324 Christo
1318 1279 1418 1323 Jesu
1437 1316 1448 1334 ,
1475 1289 1523 1322 ut
1549 1287 1688 1322 osten-

307 1369 328 1390 »
348 1347 467 1394 deret
494 1349 537 1394 in
569 1349 737 1394 sacculis
776 1350 1181 1412 supervenientibus
1217 1349 1489 1395 abundantes
1518 1349 1689 1394 divitias

309 1442 329 1462 »
356 1421 504 1479 gratiae
525 1437 612 1465 suec
630 1420 673 1465 in
694 1420 889 1465 bonitate
914 1438 1044 1484 super
1067 1438 1142 1465 nos
1163 1421 1207 1465 in
1234 1421 1410 1466 Christo
1432 1421 1547 1466 Jesu.
1573 1422 1688 1464 Gra-

308 1512 329 1533 »
356 1491 414 1536 tia
425 1492 538 1536 enim
558 1492 654 1536 estis
669 1490 819 1537 salvati
838 1509 915 1554 per
932 1491 1061 1536 sidem
1084 1509 1094 1536 ε
1111 1502 1152 1537 et
1166 1491 1252 1537 hoc
1273 1509 1360 1537 non
1379 1508 1426 1537 cx
1450 1491 1591 1545 vobis,
1610 1490 1690 1535 Dei

307 1583 328 1604 >2
354 1562 467 1607 enim
482 1561 646 1606 donum
664 1571 742 1616 est,
764 1578 852 1606 non
868 1579 915 1606 ex
933 1562 1155 1624 operibus,
1188 1573 1235 1607 ut
1266 1580 1319 1607 ne
1341 1561 1437 1624 quis
1462 1560 1682 1620 glorietur.

308 1654 329 1675 »
354 1634 496 1696 Ipsius
513 1631 627 1677 enim
654 1647 801 1677 sumus
835 1631 1028 1687 factura,
1071 1632 1203 1678 creati
1242 1633 1285 1677 in
1312 1632 1489 1677 Christo
1514 1632 1615 1676 Jesu
1643 1631 1690 1677 in

307 1725 329 1745 »
354 1704 560 1767 operibus
593 1703 742 1758 bonis,
789 1720 889 1766 quac
913 1704 1181 1766 praeparavit
1203 1706 1315 1749 Deus
1342 1714 1389 1748 ut
1412 1703 1457 1748 in
1486 1702 1568 1748 illis
1594 1719 1690 1747 am-

308 1796 329 1816 »
351 1774 567 1820 bulemus.
595 1775 779 1837 Propter
795 1773 914 1837 quod
928 1791 1134 1819 memores
1148 1785 1298 1831 estote,
1316 1774 1435 1837 quod
1452 1773 1626 1836 aliquan
1635 1772 1690 1817 do

312 1866 334 1887 »
358 1862 434 1891 vos
458 1845 586 1890 eratis
611 1855 754 1904 gentes
774 1844 819 1889 in
847 1861 997 1901 carne,
1024 1845 1101 1908 qui
1123 1844 1387 1890 dicebamini
1399 1843 1687 1908 praeputium,

309 1936 331 1958 »
355 1916 410 1961 ab
425 1933 471 1961 ea
483 1933 583 1979 quae
606 1916 769 1961 dicitur
787 1915 1060 1961 circumcisio
1080 1916 1125 1960 in
1143 1933 1270 1961 carne
1290 1915 1538 1961 manufacta
1554 1952 1564 1971 ‚
1587 1915 1691 1978 quia

311 2008 332 2030 »
357 1988 482 2033 eratis
502 1987 575 2032 illo
591 1997 782 2051 tempore
804 1987 893 2032 sine
910 1987 1087 2033 Christo
1103 2025 1113 2041 ‚
1139 1987 1311 2033 alienati
1332 2006 1354 2033 a
1368 1987 1691 2033 conversatione

315 2080 336 2100 »
364 2058 523 2113 lsrael,
549 2069 591 2104 et
614 2058 808 2122 hospites
832 2069 1188 2104 testamentorum
1205 2095 1216 2114 ‚
1253 2058 1552 2122 promissionis
1573 2073 1693 2121 spem

313 2150 335 2172 »
359 2147 446 2175 non
463 2129 676 2174 habentes
691 2167 700 2184 ‚
722 2140 764 2174 et
783 2130 873 2174 sinc
895 2131 986 2175 Deo
1010 2130 1055 2175 in
1078 2129 1165 2175 hoc
1185 2129 1364 2176 mundo.
1397 2130 1525 2174 Nunc
1547 2138 1691 2173 autem

312 2221 334 2242 »
356 2199 398 2245 in
421 2199 598 2245 Christo
614 2200 716 2245 Jesu
731 2216 805 2245 vos
815 2200 891 2263 qui
913 2199 1147 2263 aliquando
1168 2200 1293 2245 eratis
1316 2199 1442 2259 longe
1461 2236 1472 2255 ‚
1500 2198 1606 2244 sacti
1625 2214 1693 2243 es-

313 2292 334 2313 »
362 2272 410 2316 tis
433 2287 572 2334 prope
595 2271 638 2315 in
661 2270 866 2330 sanguine
886 2270 1065 2317 Christi.
1092 2272 1189 2333 lpse
1207 2281 1269 2316 est
1291 2271 1406 2315 enim
1423 2286 1507 2332 pax
1527 2278 1689 2325 nostra,

315 2363 336 2383 ›>
358 2342 435 2405 qui
451 2341 553 2387 secit
571 2352 755 2404 utraque
780 2358 916 2386 unum
932 2379 943 2398 ,
970 2352 1011 2386 et
1045 2342 1235 2387 medium
1260 2341 1469 2406 parictem
1495 2339 1694 2384 maceriae

315 2433 337 2455 »
364 2412 529 2458 solvens
543 2411 789 2457 inimicitias
803 2412 844 2456 in
862 2430 989 2458 carne
1013 2430 1087 2458 sua
1104 2451 1114 2469 ‚
1140 2413 1275 2473 legem
1296 2411 1600 2457 mandatorum
1622 2409 1694 2455 de-

317 2504 338 2525 »
361 2482 487 2528 cretis
499 2499 711 2529 evacuans
726 2519 736 2537 ,
762 2492 810 2527 ut
829 2481 938 2528 duos
951 2482 1110 2529 condat
1130 2484 1175 2530 in
1185 2482 1479 2546 semetipsum,
1499 2482 1545 2528 in
1559 2498 1694 2527 unum

317 2574 339 2596 »
364 2570 529 2599 novum
552 2553 775 2599 hominem
797 2553 956 2600 faciens
979 2572 1159 2618 pacem,
1183 2565 1232 2601 ut
1256 2552 1505 2600 reconciliet
1544 2553 1696 2599 ambos

320 2646 343 2668 »
365 2624 410 2672 in
428 2641 515 2672 uno
533 2641 716 2689 corpore
735 2625 843 2683 De0,
857 2642 937 2689 per
955 2642 1145 2685 crucem,
1167 2625 1426 2673 interficiens
1449 2623 1696 2672 inimicitias
