1795 3253
328 276 416 330 450
747 289 780 319 s.
828 289 1066 319 ascesi-ixi
1108 278 1305 318 [viscort

320 356 450 400 etiam
485 355 859 400 circumcisionem
892 354 1033 400 octavi
1066 353 1149 398 diei
1181 352 1233 398 ad
1273 370 1314 399 se
1341 352 1699 416 prophetandum

326 426 534 489 pertinere
571 425 822 473 declararet.
870 425 989 482 Quid
1023 425 1137 470 enim
1173 424 1386 483 significat
1426 423 1700 469 circumcisio

320 497 488 543 carnis?
511 496 617 560 quid
640 497 719 542 nisi
738 496 1052 559 expelatiouem
1078 495 1369 549 mortalitatis,
1391 511 1521 558 quam
1541 493 1594 539 de
1609 510 1701 539 car-

318 567 406 613 nali
421 568 694 628 generatione
717 572 971 631 portamus?
994 568 1179 630 Propter
1198 566 1285 612 hoc
1305 565 1414 612 dicit
1435 564 1666 629 Apostolus
1687 581 1698 608 ε

318 660 339 680 «
367 639 536 685 Exuens
553 657 594 685 se
611 656 806 695 carnem,
827 640 1100 703 principatus
1117 649 1157 684 et
1175 647 1408 701 potestates
1424 636 1699 700 exemplavit,

317 731 338 753 »
364 709 628 757 fiducialiter
646 710 925 773 triumphans
947 728 1015 756 eos
1038 711 1081 755 in
1100 707 1373 772 semetipso‘l.
1400 730 1420 749 »
1436 707 1568 764 Quod
1589 707 1703 753 enim

313 780 422 827 dicit
455 781 614 827 exuisse
651 797 693 827 se
726 797 932 837 carnem,
968 798 1016 826 eo
1051 780 1148 826 loro
1185 796 1357 825 carnem
1396 778 1704 824 mortalitatem

321 852 474 898 Carnis
491 852 794 912 intelligimus.
822 851 1060 898 secundum
1081 867 1210 914 quam
1232 849 1409 913 proprie
1432 862 1593 911 corpus
1618 847 1705 894 hoc

321 940 422 970 caro
457 924 725 970 nominatur.
771 924 882 980 Quae
924 921 1166 968 mortalitas
1201 921 1379 985 proprie
1413 937 1513 966 caro
1550 919 1705 983 appel-

319 994 405 1041 lata
423 1006 502 1052 est,
525 995 626 1060 quia
649 996 690 1040 in
711 994 783 1041 illa
807 994 1132 1040 resurrectionis
1148 992 1472 1040 immortalitate
1494 1008 1582 1038 non
1597 991 1703 1037 erit:

316 1077 548 1130 propterea
564 1066 777 1130 scriptum
805 1076 866 1111 est
884 1083 894 1111 :
913 1087 932 1106 α
952 1066 1067 1110 Caro
1081 1075 1121 1110 et
1135 1064 1305 1125 sanguis
1322 1080 1501 1123 regnum
1524 1062 1601 1108 Dei
1619 1078 1708 1108 non

318 1157 342 1180 >2
367 1136 660 1200 possidebunt
682 1137 714 1184 2.
739 1159 758 1179 »
790 1138 852 1182 De
882 1136 1045 1200 quibus
1080 1136 1225 1181 verbis
1270 1134 1412 1181 soletis
1451 1132 1708 1180 calumniari

318 1206 421 1253 fidei
444 1218 606 1253 nostrae
626 1245 637 1264 ,
672 1224 758 1271 qua
791 1207 1009 1253 credimus
1036 1207 1171 1268 hujus
1200 1206 1397 1270 corporis
1419 1204 1611 1250 futuram
1638 1220 1708 1250 re-

319 1279 653 1335 surrectionem,
681 1295 781 1343 quae
805 1278 851 1324 in
875 1278 971 1342 ipso
1000 1278 1290 1338 Dominojam
1314 1277 1552 1340 praecessit,
1576 1275 1707 1322 dissi-

319 1349 538 1395 mulantes
561 1368 608 1397 ea
634 1366 734 1413 quae
752 1360 1020 1413 sequuntur,
1043 1350 1086 1394 in
1110 1349 1275 1413 quibus
1301 1359 1449 1412 aperte
1473 1347 1707 1411 Apostolus

327 1420 436 1485 quid
458 1420 784 1485 dicatexponit.
815 1420 974 1466 Volens
1005 1420 1119 1466 enim
1153 1418 1374 1465 ostendere
1405 1419 1514 1482 quid
1535 1435 1585 1464 eo
1612 1418 1709 1465 loco

321 1491 475 1537 dixerit
494 1509 671 1537 carnem
694 1529 704 1547 ‚
719 1491 930 1537 contiuuo
946 1490 1157 1551 subjecit:
1184 1491 1367 1556 «Neque
1387 1491 1613 1554 corruptio
1635 1491 1708 1536 in-

323 1562 682 1626 »corruptionem
702 1561 960 1626 possidebit.
981 1561 1107 1607 »Hoc
1119 1562 1423 1625 enimcorpus,
1440 1560 1559 1624 quod
1575 1577 1711 1624 prop-

320 1645 385 1679 ter
404 1633 716 1679 mortalitatem
742 1633 922 1696 proprie
935 1650 1036 1678 caro
1054 1633 1324 1690 nominatur,
1348 1633 1509 1680 mutari
1540 1631 1649 1678 dicit
1664 1632 1710 1678 in

325 1704 639 1751 resurrectione
659 1740 669 1759 ,
692 1712 739 1748 ut
756 1706 848 1761 jam
872 1719 959 1747 non
981 1703 1035 1747 sit
1052 1703 1340 1766 corruptibile
1358 1714 1488 1766 atque
1511 1701 1706 1749 mortale.

330 1775 466 1833 Quod
491 1791 544 1820 ne
571 1781 756 1838 putetur
786 1783 932 1818 nostra
970 1773 1216 1836 suspicione
1240 1773 1347 1830 dici,
1374 1774 1468 1837 ipsa
1500 1777 1592 1833 ejus
1614 1790 1715 1838 quse

328 1857 572 1911 sequuntur
596 1845 733 1891 verba
771 1844 999 1890 consulite.
1037 1865 1056 1885 α
1077 1845 1218 1902 Ecce,
1257 1845 1422 1908 inquit,
1457 1846 1713 1908 mysterium

326 1939 347 1961 >³
368 1917 489 1974 dico,
520 1930 670 1963 omnes
686 1915 868 1980 quidem
883 1928 1169 1975 resurgemus,
1198 1925 1450 1962 nontamen
1471 1931 1618 1962 omnes
1634 1917 1715 1962 im-

330 2011 352 2033 »
380 1988 655 2036 mutabimur
672 2000 682 2031 t
699 1986 745 2032 in
766 1995 930 2041 atnam,
950 1985 997 2031 in
1012 1985 1102 2032 ictu
1117 1986 1250 2044 oculi,
1268 1987 1314 2033 in
1327 1986 1561 2033 novissima
1579 1987 1711 2041 tuba3

327 2082 350 2108 n
376 2072 502 2108 canet
526 2059 640 2106 euim
661 2057 786 2111 tuba,
805 2069 847 2104 et
870 2058 1030 2104 mortui
1053 2058 1553 2123 resurgentincorrupti‚
1575 2070 1615 2105 et
1634 2076 1713 2105 nos

333 2147 354 2177 >5
378 2131 728 2179 immutabimur.
761 2129 949 2193 Oportet
973 2127 1088 2175 enim
1113 2128 1400 2194 corruptibile
1433 2127 1519 2175 hoc
1536 2128 1716 2175 induere

335 2226 356 2249 >³
380 2201 771 2267 incorruptionem,
800 2210 842 2246 et
873 2200 1055 2248 mortale
1083 2201 1169 2248 hoc
1192 2200 1371 2247 induere
1404 2199 1716 2247 imniortalita--

334 2297 356 2321 n
382 2286 465 2323 tem
483 2275 515 2322 ὅ.
541 2296 560 2316 n
587 2274 645 2319 Ut
684 2284 784 2334 ergo
802 2270 1012 2320 induatur
1034 2271 1378 2329 immortalitate,
1406 2272 1577 2319 exuitur
1594 2288 1716 2318 mor-

337 2347 502 2396 talitate
520 2360 530 2391 e
558 2344 646 2392 hoc
660 2343 1077 2391 estcircumcisionis
1091 2362 1131 2391 m
1169 2342 1343 2391 sterium
1361 2359 1462 2409 quae
1482 2355 1635 2390 octavo
1652 2342 1721 2389 die

335 2421 426 2467 fleri
445 2422 564 2479 jussa
589 2423 668 2471 est,
689 2425 729 2460 et
743 2421 896 2462 octavo
914 2414 983 2461 die
1003 2433 1014 2460 ε
1038 2414 1075 2472 4,
1099 2415 1112 2462 i
1165 2424 1244 2474 est,
1262 2412 1494 2462 Dominieo
1506 2423 1607 2479 post
1622 2413 1718 2461 sab-

333 2493 487 2538 batum
510 2493 599 2548 jam
632 2483 873 2533 inveritate
891 2503 913 2532 a
940 2486 1127 2533 Domino
1150 2482 1344 2551 impleta.
1371 2481 1497 2532 Unde
1523 2479 1683 2532 dicitur
1705 2503 1715 2530 ε

382 2587 390 2608 ¹
424 2585 542 2615 cutm-s.
577 2594 622 2613 ιι.
665 2583 712 2613 ι·“».
741 2599 784 2604 -
816 2578 832 2602 ‘²
866 2592 877 2611 1
912 2583 988 2615 Cor.
1020 2593 1073 2621 xv,
1109 2584 1163 2616 50,
1196 2602 1237 2607 -—
1268 2579 1283 2604 3
1313 2582 1396 2616 Ibid.
1434 2585 1486 2618 51.
1518 2600 1562 2606 -—
1593 2578 1606 2603 ⁴
1631 2584 1716 2624 Gen,

337 2651 422 2682 ivn,
459 2648 510 2670 12.
