1795 3253
293 311 468 343 CONTRA
502 311 746 343 EPISTOLAM
780 311 1036 353 MANICHAEI,
1076 316 1163 346 [ΑΒ.
1208 317 1238 347 1.
1387 317 1472 364 197

101 378 203 424 dam
223 378 436 442 Spiritum
461 389 659 424 sanctum
679 395 782 433 esse,
814 379 979 424 etiamsi
1001 381 1205 427 nesciam.
1245 382 1476 446 Numquid

103 449 271 512 aequius
298 460 371 495 aut
388 449 711 495 benevolentius
736 460 883 494 tecum
914 449 980 508 agi
1007 454 1178 512 potest?
1202 452 1286 497 Sed
1320 463 1367 498 tu
1397 470 1477 498 nec

101 520 187 566 hoc
219 537 298 566 nec
320 519 430 566 illud
460 519 573 566 vales
605 518 839 566 ostendere.
876 520 999 565 Nihil
1031 521 1149 566 aliud
1175 522 1363 582 elegisti,
1396 524 1476 568 nisi

98 589 275 636 laudare
292 590 412 654 quod
436 590 592 646 credis,
624 601 666 636 et
688 590 868 635 irridere
888 591 1007 653 quod
1033 592 1176 639 credo.
1208 594 1321 638 Cum
1347 594 1479 653 igitur

98 661 226 706 etiam
244 678 321 721 ego
339 661 527 707 vicissim
547 661 781 707 laudavero
806 661 926 724 quod
951 662 1079 708 credo
1098 700 1109 719 ‚
1134 673 1175 708 et
1199 663 1318 727 quod
1339 664 1478 709 credis

97 731 286 788 irrisero,
319 731 428 795 quid
456 742 584 795 putas
613 732 740 777 nobis
763 748 848 777 esse
867 731 1179 791 J'udicandum,
1215 733 1376 797 quidve
1405 734 1477 779 fa—

98 801 320 858 ciendum,
347 802 428 847 nisi
452 813 499 848 ut
518 819 587 848 cos
607 802 920 866 relinquamUS,
949 805 1124 866 quinos
1151 805 1339 851 invitant
1361 816 1477 851 certa

98 890 373 934 cognoscere,
404 884 445 919 et
466 884 617 937 postea
647 875 865 938 imperant
888 885 938 919 ut
958 874 1124 920 incerta
1153 875 1410 930 credamus;
1436 887 1478 922 et

97 962 167 990 605
183 961 431 1008 sequamur,
455 945 532 1008 qui
553 962 629 990 nos
649 945 838 991 invitant
862 945 983 1009 prius
1001 945 1192 1002 credere,
1219 947 1341 1010 quod
1362 965 1478 993 non-

97 1015 203 1060 dum
232 1015 424 1061 valemus
444 1016 622 1071 intueri,
652 1026 701 1061 ut
723 1016 818 1079 ipsa
836 1015 922 1061 fide
940 1015 1195 1062 valentiores
1213 1016 1336 1072 facti,
1358 1017 1479 1081 quod

96 1086 314 1131 credimus
336 1085 572 1146 intelligere
592 1103 851 1143 mereamur,
878 1103 965 1131 non
987 1090 1079 1146 jam
1103 1086 1375 1143 hominibus,
1403 1087 1476 1133 sed

94 1155 191 1219 ipso
215 1157 306 1202 Deo
333 1156 592 1203 intrinsecus
616 1167 804 1203 mentem
832 1167 1023 1202 nostram
1046 1157 1319 1203 illuminante
1345 1169 1476 1222 atque

94 1227 323 1273 firmante?

157 1297 325 1345 XVIII.
368 1298 424 1343 Et
453 1298 662 1361 quoniam
683 1298 865 1361 quaesivi
885 1298 1001 1343 unde
1026 1298 1137 1344 mihi
1161 1299 1335 1362 probet,
1356 1316 1475 1345 nunc

92 1385 242 1432 quaero
268 1367 383 1413 unde
411 1369 503 1432 ipse
526 1368 791 1428 cognoverit.
823 1368 868 1413 Si
892 1368 1000 1414 dicit
1023 1368 1106 1414 sibi
1133 1386 1218 1414 esse
1238 1369 1475 1416 revelatum

93 1457 115 1485 a
135 1440 302 1503 Spiritu
326 1451 493 1496 sancto,
524 1456 732 1503 suamque
752 1450 939 1484 mentem
961 1439 1170 1485 divinitus
1190 1440 1468 1497 illustratam,

92 1519 140 1554 ut
159 1527 205 1555 ea
230 1527 331 1573 quae
351 1510 475 1563 dicit,
497 1521 615 1555 certa
638 1521 680 1555 et
701 1509 927 1555 manifesta
951 1521 1227 1569 cognosceret
1245 1528 1255 1555 :
1276 1512 1368 1574 ipse
1391 1512 1474 1571 sig-

89 1580 240 1626 nificat
256 1581 365 1644 quid
383 1581 548 1626 intersit
563 1581 678 1626 inter
692 1598 949 1641 cognoscere
966 1591 1006 1626 et
1024 1581 1212 1629 credere.
1239 1583 1338 1646 Ipse
1356 1584 1472 1628 enim

89 1652 326 1711 cognoscit,
366 1651 437 1697 cui
479 1651 741 1714 apertissime
777 1652 858 1696 ista
899 1661 1222 1697 monstrantur:
1238 1654 1296 1698 eis
1328 1664 1472 1699 autem

87 1722 250 1784 quibus
270 1721 367 1767 haec
385 1732 546 1777 narrat,
570 1738 658 1767 non
674 1721 966 1781 cognitionem
982 1721 1191 1778 insinuat,
1217 1722 1290 1768 sed
1309 1723 1470 1769 credu-

86 1792 254 1838 litatem
277 1792 443 1840 suadet.
476 1793 561 1837 Cui
584 1792 779 1855 quisquis
811 1803 969 1837 temere
1004 1793 1284 1849 consenserit,
1324 1794 1470 1840 Mani-

87 1862 238 1909 chaeus
255 1862 469 1917 efficitur;
494 1880 583 1908 non
608 1872 721 1908 certa
747 1861 1068 1922 cognoscendo,
1091 1862 1164 1908 sed
1182 1863 1346 1909 incerta
1373 1881 1471 1910 cre—

87 1932 230 1979 dendo
253 1951 263 1978 :
283 1933 430 1997 quales
468 1951 547 1979 nos
580 1933 804 1996 imperitos
846 1931 1185 1978 adolescentulos
1230 1933 1468 1997 aliquando

86 2004 272 2068 decepit.
300 2005 464 2051 Debuit
480 2021 580 2064 ergo
593 2020 681 2048 non
698 2002 824 2048 nobis
840 2002 1042 2065 polliceri
1060 2002 1300 2060 scientiam,
1327 2021 1467 2068 neque

86 2073 358 2121 manifestam
390 2074 708 2134 cognitionem,
740 2089 880 2136 neque
915 2071 970 2118 ad
996 2071 1042 2118 id
1079 2073 1198 2135 quod
1230 2074 1462 2137 quaeritur,

86 2147 176 2193 sine
210 2145 300 2192 ulla
329 2146 611 2205 ambiguitate
645 2145 1000 2209 perventionem3
1038 2144 1111 2189 sed
1144 2144 1287 2191 dicere
1319 2148 1465 2210 potius

86 2217 171 2264 sibi
199 2217 280 2263 ista
310 2234 396 2262 esse
427 2226 683 2272 monstrata,
724 2215 820 2262 illos
853 2226 997 2261 autem
1033 2215 1197 2279 quibus
1234 2229 1467 2265 narrantur

86 2287 260 2334 credere
288 2287 373 2334 sibi
404 2287 562 2333 debere
592 2304 693 2351 quae
723 2287 934 2332 nesciunt.
975 2285 1060 2331 Sed
1091 2286 1127 2331 si
1163 2286 1250 2332 hoc
1281 2287 1459 2346 diceret,

85 2360 184 2424 quis
196 2378 286 2406 non
299 2359 335 2405 ei
351 2359 631 2423 responderet
646 2377 656 2403 ε
675 2358 720 2404 Si
739 2376 838 2419 ergo
849 2357 1071 2418 incognita
1089 2357 1334 2404 crediturus
1347 2377 1441 2406 sum
1450 2399 1461 2416 ,

84 2447 163 2476 cur
193 2447 282 2475 non
307 2447 354 2475 ea
376 2430 522 2493 potius
547 2429 740 2486 credam,
766 2446 866 2493 quae
886 2432 976 2490 jam
1002 2429 1282 2474 consensione
1305 2429 1464 2477 docto-

81 2518 181 2547 rum
206 2500 573 2564 indoctorumque
605 2499 897 2557 celebrantur,
931 2510 974 2545 et
996 2517 1074 2563 per
1097 2516 1243 2544 omnes
1271 2501 1461 2564 populos

83 2571 331 2632 gravissima
355 2572 610 2618 auctoritate
629 2572 802 2617 firmata
827 2573 956 2617 sunt?
981 2571 1078 2616 Hoc
1097 2569 1168 2615 ille
1186 2580 1378 2616 metuens
1406 2589 1459 2618 ne

81 2642 164 2689 sibi
188 2641 420 2701 diceretur,
441 2643 630 2690 offundit
649 2643 830 2690 nebulas
847 2641 1075 2707 imperitis,
1106 2641 1300 2705 primum
1323 2642 1458 2706 polli-
