1795 3253
402 289 456 321 DE
495 287 722 321 UTILITATE
760 289 1003 331 CREDENDI,
1043 289 1130 320 LIB.
1175 289 1206 320 1.
1442 275 1502 336 37

133 357 271 404 colere
293 354 555 420 excipiendis
580 354 815 400 seminibus
838 355 1033 401 veritatis
1051 393 1062 411 ‚
1101 372 1189 401 non
1221 354 1360 401 solum
1385 354 1507 400 salu-

132 427 372 474 berrimum
390 425 544 486 judico
558 462 568 481 ,
593 425 665 470 sed
686 424 767 470 tale
786 424 980 481 omnino,
1002 426 1090 471 sine
1105 442 1191 489 quo
1213 426 1335 486 aegris
1359 425 1511 471 animis

134 497 245 544 salus
271 496 409 543 redire
438 514 526 542 non
557 497 705 559 possit.
752 496 884 553 Quod
912 496 997 541 illis
1026 513 1125 542 cum
1157 496 1444 542 deridendum
1466 506 1509 542 et

133 568 313 632 plenum
332 567 580 612 temeritatis
591 565 781 621 videtur,
797 565 993 629 profecto
1008 577 1056 611 ut
1071 566 1246 612 Christo
1262 566 1358 612 cred
1367 583 1507 623 amus,

135 648 270 698 agunt
287 637 577 700 impudenter.
612 637 779 683 Deinde
797 636 935 682 fateor
958 654 1026 682 me
1042 641 1132 696 jam
1160 636 1338 682 Christo
1365 637 1511 682 credi-

135 708 243 754 disse
262 744 272 763 ,
299 718 340 753 et
362 708 408 753 in
434 708 627 752 animum
647 707 862 753 induxisse
880 744 890 763 ‚
928 707 975 752 id
1000 724 1086 752 esse
1110 724 1261 752 verum
1297 706 1418 769 quod
1441 707 1513 753 ille

135 777 311 833 dixerit,
332 777 498 823 etiamsi
507 777 624 822 nulla
638 778 803 823 ratione
817 776 1026 822 fulciatur
1043 795 1053 822 :
1071 777 1158 822 hoc
1172 777 1375 823 haeretice
1384 777 1515 840 prin-

137 849 253 912 cipio
276 866 343 894 me
362 848 571 894 docturus
588 851 660 894 es?
680 848 781 894 Sine
804 848 1036 911 paululum
1059 863 1231 893 mecum
1253 849 1346 911 ipse
1369 847 1516 893 consi-

139 919 283 964 derem
309 918 543 981 (quoniam
574 918 803 963 Christum
836 919 980 980 ipsum
1000 954 1010 969 ,
1046 917 1270 980 quomodo
1306 934 1515 980 apparere

137 989 392 1035 hominibus
415 988 582 1044 voluit,
607 989 682 1051 qui
704 988 793 1034 istis
819 989 946 1033 etiam
960 987 1216 1047 vulgaribus
1241 987 1377 1034 oculis
1400 987 1516 1033 visus

138 1076 223 1104 esse
247 1058 533 1122 praedicatur,
559 1075 634 1117 ego
656 1076 743 1103 uon
763 1057 905 1120 vidi),
933 1057 1095 1121 quibus
1122 1057 1174 1102 de
1214 1057 1289 1103 illo
1322 1056 1515 1103 credide-

136 1130 220 1175 rim
237 1167 248 1185 ,
271 1140 319 1174 ut
339 1129 394 1174 ad
417 1139 455 1174 te
475 1133 567 1188 jam
595 1127 670 1174 tali
690 1129 775 1174 fide
803 1139 1089 1192 praestructus
1114 1128 1334 1174 accedam.
1377 1127 1517 1173 Nullis

134 1217 203 1245 me
219 1198 345 1245 video
369 1198 599 1244 credidisse
614 1235 625 1254 ,
648 1198 729 1244 nisi
752 1199 1019 1262 populorum
1041 1208 1168 1261 atque
1190 1199 1382 1259 gentium
1405 1215 1516 1244 con-

135 1272 318 1317 firmatae
341 1270 539 1334 opinioni
561 1286 609 1315 ac
631 1269 760 1315 famae
792 1270 1031 1316 admodum
1058 1270 1355 1316 celeberrimae
1392 1287 1403 1316 ε
1433 1269 1515 1315 hos

135 1352 278 1387 autem
292 1340 480 1405 populos
504 1340 712 1386 Ecclesiae
730 1341 962 1387 catholicae
976 1342 1179 1404 mysteria
1201 1357 1514 1405 usquequaque

135 1429 381 1477 occupasse.
422 1412 514 1458 Cur
532 1429 620 1457 non
639 1412 771 1471 igitur
796 1413 913 1475 apud
938 1430 1008 1458 eos
1026 1412 1299 1475 potissimum
1326 1412 1515 1471 diligen-

136 1484 294 1529 tissime
332 1483 574 1545 requiran1‚
614 1481 723 1544 quid
760 1482 961 1528 Christus
1003 1483 1290 1545 praeceperit,
1325 1498 1515 1545 quorum

136 1553 390 1599 auctoritate
421 1563 664 1598 commotus
686 1589 696 1607 ‚
735 1552 962 1598 Christum
990 1551 1157 1616 aliquid
1198 1552 1302 1597 utile
1341 1569 1513 1615 praece-

132 1624 244 1687 pisse
261 1627 352 1682 jam
378 1621 570 1668 credidi?
591 1624 736 1667 Tu-ne
754 1622 866 1667 mihi
888 1622 1037 1667 melius
1062 1622 1335 1685 expositurus
1353 1639 1393 1667 es
1406 1621 1515 1686 quid

131 1694 204 1740 ille
227 1694 403 1750 dixerit,
430 1710 557 1756 quem
582 1693 710 1738 fuisse
735 1703 808 1738 aut
830 1711 915 1739 esse
938 1710 1025 1738 non
1045 1704 1245 1757 putarem
1266 1731 1277 1749 ‚
1306 1693 1338 1738 si
1363 1693 1441 1738 abs
1466 1703 1507 1738 te

131 1764 242 1810 mihi
274 1765 361 1810 hoc
401 1763 779 1809 commendaretur
809 1780 895 1808 esse
933 1763 1202 1809 credendum
1221 1766 1240 1809 ἶ)
1278 1764 1375 1809 Hoc
1410 1780 1510 1823 ergo

132 1835 326 1891 credidi,
348 1845 397 1880 ut
416 1834 502 1880 dixi
523 1871 533 1889 ‚
561 1833 690 1879 famae
707 1870 718 1889 ‚
751 1833 1000 1880 celebritate
1023 1871 1033 1890 ,
1058 1835 1337 1880 consensione
1361 1844 1510 1879 vetus-

131 1916 217 1951 tate
234 1906 465 1953 roboratae.
510 1906 595 1951 Vos
618 1916 762 1951 autem
788 1916 829 1950 et
850 1915 936 1950 tam
959 1905 1120 1969 pauci,
1151 1916 1193 1951 et
1231 1916 1319 1951 tam
1347 1905 1510 1951 turbu-

130 1976 262 2033 lenti,
283 1987 325 2022 et
342 1987 430 2022 tam
454 1977 555 2022 noxi
575 2013 586 2032 ,
609 1975 772 2022 nemini
801 1975 988 2021 dubium
1010 1986 1096 2032 est,
1126 1993 1260 2040 quam
1280 1976 1394 2022 nihil
1414 1976 1508 2036 dig-

131 2064 235 2094 num
256 2048 513 2093 auctoritate
522 2046 776 2110 praeferatiS.
797 2047 908 2101 Quae
922 2046 1053 2106 igitur
1074 2046 1155 2092 ista
1166 2057 1286 2092 tanta
1297 2046 1513 2093 dementia

134 2120 227 2163 est‘.)
248 2116 340 2162 Illis
359 2116 503 2171 crede,
526 2117 701 2163 Christo
727 2132 812 2160 esse
837 2115 1130 2170 credendum3
1152 2126 1193 2162 et
1208 2134 1232 2162 a
1249 2116 1376 2162 nobis
1394 2115 1510 2162 disce

132 2187 239 2253 quid
257 2187 442 2233 dixerit?
465 2188 557 2233 Cur
577 2187 756 2232 obsecro
782 2189 852 2231 te?
874 2188 983 2231 Nam
1009 2187 1043 2232 si
1066 2186 1130 2232 illi
1150 2186 1385 2233 deficerent
1399 2224 1409 2242 2
1431 2204 1511 2233 nec

130 2276 199 2305 me
230 2257 472 2321 quidquam
498 2256 653 2303 docere
676 2267 874 2320 possent3
911 2256 1048 2302 multo
1073 2257 1246 2303 facilius
1268 2256 1376 2302 mihi
1403 2274 1509 2320 per-

130 2329 380 2384 suaderem,
417 2328 595 2373 Chris-to
621 2345 709 2373 uon
741 2344 826 2372 esse
858 2327 1127 2373 credendum
1145 2365 1155 2383 ‚
1197 2345 1329 2392 quam
1356 2327 1409 2373 de
1431 2327 1506 2373 illo

128 2399 370 2464 quidquam
387 2435 398 2454 ‚
422 2397 505 2443 nisi
531 2399 586 2444 ab
608 2398 684 2453 iis,
711 2415 790 2461 per
812 2414 919 2461 quos
942 2398 981 2443 ei
1005 2397 1282 2443 credidissem
1298 2435 1308 2454 ‚
1336 2397 1503 2443 discen·

131 2470 252 2516 dum.
283 2468 322 2514 O
347 2468 564 2528 ingentem
597 2468 904 2514 confidentiam
923 2505 934 2523 ‚
972 2467 1041 2514 vel
1078 2468 1224 2531 potius
1258 2467 1499 2531 ineptiam!

131 2540 223 2600 Ego
243 2549 283 2584 te
300 2538 435 2584 doceo
457 2538 565 2602 quid
587 2538 788 2584 Christus
811 2538 1071 2602 praeceperit
1089 2575 1100 2595 ‚
1120 2539 1191 2584 cui
1210 2537 1364 2584 credis.
1386 2537 1507 2594 Quid

128 2610 165 2657 si
187 2627 273 2657 non
296 2609 333 2656 ei
359 2609 577 2657 crederem
600 2647 611 2666 ‚
638 2627 744 2657 num
770 2609 936 2674 aliquid
958 2609 1012 2656 de
1035 2608 1110 2656 illo
1131 2627 1199 2656 me
1220 2609 1375 2657 docere
1405 2625 1512 2672 pos-
