1795 3253
356 225 449 272 530
784 242 819 272 s.
861 240 1105 272 ⁴«uotisrim
1141 241 1343 273 EPISCOI‘I

354 320 528 368 »quam
549 303 769 360 Creatori,
809 305 886 368 qui
909 317 970 351 est
993 305 1250 352 benedictus
1274 306 1319 352 in
1350 307 1510 354 saecula
1528 307 1562 354 1.
1586 329 1607 350 >³
1644 307 1729 355 Vos

354 386 498 420 autem
521 375 625 420 etin
647 392 695 420 eo
719 375 836 439 quod
857 376 915 421 eis
939 377 1164 422 dissimiles
1186 378 1305 434 estis,
1331 379 1431 424 vani
1450 379 1576 433 estis;
1612 390 1653 425 et
1682 380 1728 426 in

350 463 400 492 eo
420 445 538 509 quod
559 446 616 491 eis
636 445 793 492 similes
815 447 913 492 estis
930 485 941 503 ,
973 452 1139 511 pejores
1162 450 1272 495 estis.
1302 449 1369 495 Ad
1393 449 1480 496 hoc
1499 451 1613 496 enim
1639 468 1728 497 non

349 533 449 562 cum
470 517 574 580 ipsis
591 516 766 562 creditis
780 518 1103 574 monarchiam,
1124 518 1245 582 quod
1266 518 1329 564 illi
1352 536 1502 566 verum
1521 520 1723 579 credunt,

348 598 398 632 ut
423 587 559 650 ipsius
585 587 711 633 unius
739 588 818 633 Dei
838 588 1128 634 substantiam
1150 589 1483 652 expugnabilem
1507 592 1725 655 corrupti-

344 657 565 722 bilemque
583 658 794 713 credati53
815 659 934 724 quod
955 671 1014 705 est
1028 659 1177 722 impiae
1200 660 1401 706 vanitatis
1426 679 1436 706 ε
1459 662 1505 707 in
1522 662 1725 725 pluribus

344 740 488 775 autem
523 730 605 775 diis
640 729 832 775 colendis
865 730 1065 777 doctrina
1099 729 1418 777 daemoniorum
1451 732 1722 780 mendacilo-

341 815 532 862 quorum
567 800 650 846 illis
672 800 884 863 persuasit
919 801 1055 847 multa
1078 800 1221 857 idola,
1252 801 1376 847 vobis
1412 801 1549 848 multa
1571 803 1722 866 phan-

342 879 538 917 tasmata.

404 942 501 988 XX.
549 942 638 987 Nec
663 942 874 987 sacrificia
907 957 1059 986 eorum
1093 940 1304 986 vertimus
1332 940 1379 986 in
1415 957 1570 1005 agapes
1605 959 1617 986 ι
1646 942 1718 988 sed

337 1010 600 1056 sacrificium
627 1011 737 1056 illud
757 1010 877 1075 quod
908 1011 1045 1074 paulo
1070 1021 1171 1055 ante
1193 1012 1559 1066 commemoravi,
1586 1011 1719 1059 intel-

335 1077 538 1136 leximus,
579 1081 750 1127 dicente
790 1082 977 1127 Domino
1009 1099 1018 1126 ε
1050 1081 1428 1127 «Misericordiam
1457 1081 1552 1128 volo
1585 1099 1717 1146 quam

334 1168 355 1190 >2
381 1151 642 1196 sacrificium
660 1151 694 1197 2.
716 1173 736 1193 »
763 1153 930 1215 Agapes
957 1152 1071 1197 enim
1090 1162 1247 1197 nostrae
1270 1169 1481 1216 pauperes
1498 1165 1712 1215 pascunt,

332 1218 420 1266 sive
444 1220 643 1281 frugibus
658 1258 681 1277 ,i
699 1221 786 1267 sive
813 1223 1033 1269 carnibus.
1060 1223 1262 1267 Pascitur
1279 1223 1394 1267 enim
1417 1234 1614 1269 creatura
1637 1225 1715 1270 Dei

333 1289 386 1334 de
423 1302 621 1336 creatura
652 1291 732 1336 Dei
754 1329 765 1347 ,
807 1309 907 1356 quae
939 1293 1143 1337 humanis
1182 1292 1373 1354 dapibus
1404 1310 1594 1353 congrua
1631 1304 1706 1342 est.

331 1360 490 1406 «Vobis
512 1373 654 1407 autem
671 1363 774 1426 quia
790 1362 1007 1408 daemonia
1029 1362 1363 1426 mendaciloqua
1385 1375 1710 1426 persuaserunt,

331 1451 353 1472 >2
376 1448 464 1477 non
486 1432 540 1477 ad
565 1433 796 1493 regendam
814 1450 1014 1489 caruem,
1037 1433 1111 1478 sed
1131 1433 1185 1479 ad
1209 1434 1487 1479 exercendam
1507 1434 1711 1498 blasphe-

330 1521 351 1542 »
375 1503 506 1548 miam
523 1540 534 1559 ‚
567 1503 781 1549 abstinere
807 1523 829 1549 a
853 1504 965 1550 cibis
981 1541 992 1562 ,
1023 1521 1133 1568 quos
1163 1505 1278 1549 Deus
1300 1505 1461 1550 crearit
1487 1504 1541 1550 ad
1562 1507 1709 1569 perci-

329 1593 350 1614 »
372 1573 582 1636 piendum
602 1592 704 1620 cum
729 1575 966 1635 gratiarum
994 1575 1160 1621 actione
1185 1575 1390 1621 fidelibus
1409 1613 1420 1632 ,
1461 1586 1503 1621 et
1539 1575 1609 1621 his
1633 1577 1710 1640 qui

327 1663 349 1683 »
373 1654 669 1704 cognoverunt
693 1645 948 1698 veritatem;
974 1645 1182 1708 quoniam
1216 1645 1356 1690 omnis
1397 1656 1593 1690 creatura
1628 1645 1708 1692 Dei

326 1734 348 1754 υ
374 1713 491 1759 bona
524 1725 586 1760 est
607 1751 617 1772 ‚
646 1726 686 1760 et
710 1715 822 1761 nihil
846 1714 1169 1774 abjiciendum,
1194 1714 1313 1777 quod
1342 1731 1443 1760 cum
1468 1715 1706 1774 gratiarum

326 1804 347 1824 >2
374 1785 541 1830 actione
563 1785 831 1848 percipitur3
861 1803 872 1830 ε
900 1806 920 1826 >>
944 1785 1103 1845 ingrati
1129 1785 1358 1841 Creatori,
1387 1796 1428 1831 et
1457 1802 1539 1848 pro
1575 1785 1705 1846 largis

324 1858 413 1914 eJ'us
436 1855 658 1901 beneficiis
689 1855 914 1916 sacrilegas
943 1855 1229 1900 retribuentes
1257 1855 1437 1915 injurias
1455 1892 1465 1910 ‚
1494 1857 1703 1919 quoniam

321 1924 583 1989 plerumque
606 1926 651 1971 in
676 1926 888 1989 agapibus
905 1925 1033 1971 etiam
1057 1942 1207 1970 carnes
1230 1925 1502 1988 pauperibus
1525 1942 1702 1985 erogan-

321 2005 410 2051 tur,
434 1997 776 2043 misericordiam
804 1997 1156 2042 Christianorum
1184 1995 1367 2041 similem
1391 1995 1535 2041 dicitis
1563 1997 1700 2042 sacri-

320 2066 430 2111 ficiis
448 2067 736 2127 paganorum,
749 2084 939 2132 quorum
954 2065 1175 2112 nonnullis
1188 2066 1233 2111 in
1247 2066 1334 2111 hoc
1352 2082 1527 2129 quoque
1543 2066 1699 2122 similes

320 2136 431 2182 estis.
458 2137 692 2201 Propterea
712 2138 827 2183 enim
852 2136 968 2182 nefas
991 2136 1162 2182 habetis
1185 2153 1344 2199 pecora
1379 2135 1522 2181 oceidi
1544 2172 1554 2191 ‚
1596 2137 1697 2199 quia

317 2205 535 2252 humanas
578 2209 741 2253 animas
777 2209 821 2252 in
859 2225 907 2253 ea
946 2207 1111 2253 revolvi
1146 2207 1451 2262 arbitramini,
1497 2206 1616 2269 quod
1649 2207 1695 2252 in

316 2277 609 2340 quorumdam
634 2278 859 2338 gentilium
886 2278 1257 2342 philosophorum
1283 2277 1406 2323 libris
1431 2277 1652 2323 invenitur
1677 2295 1689 2323 ε

316 2364 571 2412 quanquam
591 2367 613 2395 a
632 2350 945 2413 posterioribus
964 2349 1083 2395 aliter
1100 2348 1366 2395 intellectum
1391 2365 1476 2393 esse
1500 2347 1686 2396 dicatur.

318 2417 481 2464 Verum
503 2419 549 2465 in
570 2420 657 2467 hoc
680 2420 809 2467 etiam
834 2421 974 2467 multo
1003 2421 1192 2467 deterius
1211 2420 1359 2466 erratis
1383 2437 1393 2464 :
1422 2418 1485 2465 illi
1508 2418 1622 2464 enim
1644 2419 1690 2467 in

315 2505 473 2552 pecore
498 2490 738 2538 timuerunt
754 2492 973 2539 trucidare
997 2491 1242 2556 proximum
1265 2507 1392 2537 suum
1411 2509 1423 2544 ς
1444 2506 1521 2536 vos
1547 2500 1688 2545 autem

366 2571 375 2592 ¹
394 2573 489 2607 Rom.
511 2585 537 2617 1,
559 2575 612 2607 25.
629 2591 673 2599 —-·
686 2573 702 2597 2
722 2578 816 2609 Osee.
836 2587 881 2614 vx,
902 2576 936 2619 6,
958 2573 1201 2614 etMatth.x11,
1222 2585 1254 2615 7.
1271 2589 1318 2599 -
1331 2570 1346 2597 ³
1366 2584 1379 2605 x
1395 2572 1478 2606 Tim.
1495 2583 1542 2610 xv,
1556 2574 1589 2606 3.
