1795 3253
349 285 435 330 188
765 301 798 329 5.
842 298 1085 330 Auorsrmt
1121 298 1321 330 El‘lscopl

347 382 388 409 se
409 363 478 408 ille
513 362 651 408 voluit
675 381 696 408 a
728 363 894 426 Spiritu
916 375 1063 410 sancto
1081 401 1091 417 ,
1119 381 1248 427 quem
1275 364 1474 412 Christus
1495 367 1719 429 promisit,

344 433 479 478 videri
497 450 583 478 esse
606 444 852 496 susceptum
872 472 883 489 ‚
913 439 1064 494 ntjam
1084 451 1184 479 eum
1208 433 1407 480 audimus
1428 436 1723 483 Manichaeum
1780 488 1781 491 Ἴ

346 503 557 566 Spiritum
578 514 776 549 sanctum
797 541 807 558 ‚
835 505 1124 564 intelligamus
1147 504 1390 566 apostolum
1415 506 1517 551 «lesu
1536 507 1720 563 Christi,

346 574 388 619 id
413 585 473 618 est
487 611 498 630 ‚
525 574 700 619 missum
723 592 745 619 a
763 576 863 620 Jesu
883 575 1059 620 Christo
1077 612 1087 629 ‚
1108 574 1184 638 qui
1203 591 1302 619 eum
1321 592 1362 619 se
1384 576 1612 622 missurum
1633 594 1722 623 esse

344 644 556 706 promisit.
579 644 817 703 Singularis
835 645 1017 690 audacia
1036 645 1115 690 ista
1133 654 1174 688 et
1193 643 1409 689 ineffabile
1424 645 1716 704 sacrilegium!

412 713 533 759 Vlll.
579 713 662 758 Sed
686 724 827 758 tamen
847 731 996 777 quaero
1015 751 1025 769 ‚
1053 731 1154 759 cum
1176 713 1305 757 Pater
1327 723 1368 758 et
1402 713 1534 759 Filius
1553 725 1595 759 et
1620 715 1726 778 Spi-
1786 750 1787 755 η

346 783 452 828 ritus
471 794 669 838 sanctus,
692 784 816 829 vohis
834 785 963 830 etiam
988 783 1298 829 confitentibus
1313 820 1323 838 ,
1355 801 1442 828 non
1471 783 1635 847 dispari
1652 802 1728 830 na-

349 863 444 897 tura
482 853 768 916 copulentur,
814 871 893 899 cur
930 854 1151 899 hominem
1194 863 1443 916 susceptum
1489 872 1513 898 a
1559 854 1729 917 Spiritu

346 933 493 968 sancto
524 924 818 970 Manichaeum
839 960 849 970 .
877 942 963 969 non
988 924 1150 987 putatis
1177 934 1303 987 turpe
1323 961 1333 979 ,
1362 934 1510 969 natum
1536 941 1584 968 ex
1609 934 1729 970 utro-

344 1008 428 1054 que
444 1009 541 1038 sexu
562 993 802 1056 praedicare
821 1014 832 1047 3
860 994 1081 1039 hominem
1108 1004 1249 1040 autem
1275 1004 1523 1057 susceptum
1544 994 1600 1039 ab
1620 995 1725 1039 uni-

344 1065 487 1122 genita
513 1064 735 1126 Sapientia
759 1064 862 1115 Dei,
889 1075 1040 1110 natum
1061 1064 1114 1109 de
1133 1064 1298 1124 virgine
1321 1063 1495 1109 credere
1513 1062 1727 1109 formida-

347 1133 427 1178 tis.3
471 1133 517 1178 Si
561 1151 661 1179 caro
702 1134 918 1191 humana,
967 1136 1001 1180 si
1042 1135 1303 1180 concubitus
1344 1134 1425 1180 viri
1442 1171 1453 1189 ‚
1501 1134 1534 1179 si
1580 1144 1727 1180 uterus

345 1202 536 1248 mulieris
559 1221 646 1248 non
680 1205 827 1267 potuit
851 1205 1080 1269 inquinare
1110 1205 1324 1268 Spiritum
1357 1215 1556 1250 sanctum
1573 1241 1584 1259 ‚
1611 1221 1729 1268 quo-

343 1271 473 1317 modo
503 1273 651 1335 potuit
675 1284 822 1319 uterus
853 1275 1031 1333 virginis
1062 1276 1289 1337 inquinare
1314 1275 1394 1319 Dei
1432 1273 1728 1337 Sapientiam?

346 1342 618 1388 Manichaeus
639 1361 738 1403 ergo
769 1344 846 1390 iste
865 1345 941 1407 qui
970 1345 1024 1390 de
1047 1356 1196 1390 sancto
1227 1346 1395 1408 Spiritu
1419 1355 1461 1389 et
1484 1342 1731 1403 evangelica

344 1413 526 1458 lectione
551 1413 782 1473 gloriatur,
811 1431 979 1461 necesse
1010 1425 1070 1460 est
1101 1415 1224 1460 vobis
1248 1414 1488 1470 concedat,
1523 1423 1597 1459 aut
1618 1414 1727 1458 mis-

346 1499 440 1528 sum
465 1500 505 1528 se
534 1501 620 1529 esse
639 1502 661 1528 a
684 1484 854 1547 Spiritu
880 1496 1053 1535 sancto,
1092 1495 1167 1529 aut
1200 1494 1465 1547 susceptum.
1502 1484 1548 1528 Si
1578 1483 1729 1529 missus

345 1564 430 1609 est,
455 1554 621 1599 Paraclt
636 1554 667 1599 ti
692 1572 734 1600 se
755 1555 998 1617 apostolum
1021 1555 1163 1607 dicat;
1187 1555 1219 1600 si
1244 1565 1470 1617 susceptus
1486 1591 1496 1609 ‚
1519 1552 1732 1599 concedat

344 1624 382 1669 ei
410 1624 633 1669 hominem
659 1634 838 1670 matrem
868 1641 997 1687 quem
1019 1623 1211 1687 suscepit
1244 1624 1491 1683 unigenitus
1512 1622 1669 1678 Filius,
1697 1623 1732 1668 si

345 1694 382 1740 ei
415 1711 545 1757 quem
578 1695 767 1757 suscepit
807 1695 996 1758 Spiritus
1030 1704 1206 1740 sanctus
1231 1693 1433 1739 concedit
1465 1704 1504 1739 et
1541 1703 1724 1756 patrem.

346 1764 508 1811 Credat
529 1765 775 1824 virginitate
794 1765 945 1810 Mariae
966 1765 1159 1810 Verbum
1186 1765 1260 1809 Dei
1281 1782 1368 1809 non
1385 1781 1470 1810 esse
1490 1763 1727 1828 pollutum,

346 1836 378 1880 si
398 1835 640 1880 concubitu
668 1845 899 1897 parentum
942 1852 1118 1880 suorum
1146 1835 1359 1897 Spiritum
1400 1844 1599 1879 sanctum
1629 1850 1730 1879 -non

345 1906 534 1969 potuisse
558 1905 698 1968 pollui
728 1916 776 1950 ut
799 1905 1026 1951 credamus
1048 1906 1264 1950 hortatur.
1295 1904 1427 1961 Quod
1453 1905 1485 1949 si
1510 1903 1726 1959 dixeritis,

343 1993 428 2021 non
447 1975 491 2020 in
515 1986 635 2019 utero
653 1975 720 2021 vel
741 1986 836 2019 ante
856 1986 1044 2029 uterum,
1060 1974 1130 2019 sed
1148 1979 1239 2033 jam
1260 1984 1413 2019 natum
1434 1973 1731 2019 Manichaeum

346 2065 368 2090 a
391 2045 557 2107 Spiritu
591 2056 739 2090 sancto
768 2062 854 2090 esse
889 2056 1169 2108 susceptum,
1208 2044 1367 2089 sufficit
1398 2043 1619 2089 fateamini
1644 2043 1730 2087 lia-

345 2116 486 2160 buisse
513 2132 683 2159 carnem
706 2116 759 2160 de
776 2116 870 2160 viro
903 2114 1141 2160 etstr=nii11a
1167 2124 1452 2177 procreatam.
1486 2115 1600 2158 Cum
1616 2113 1731 2158 enim

345 2202 420 2229 vos
444 2202 531 2228 non
558 2185 740 2229 timeatis
764 2185 925 2230 xis-cera
946 2195 987 2229 et
1010 2185 1259 2243 sanguinem
1287 2183 1528 2229 Manicliaei
1561 2183 1614 2228 de
1638 2183 1730 2228 hu-

348 2272 475 2300 mano
502 2254 745 2299 concubitu
764 2255 1023 2310 venientem,
1044 2266 1085 2300 et
1103 2255 1302 2300 intestina.
1323 2256 1427 2299 fimo
1449 2254 1577 2317 plena
1597 2290 1608 2308 ‚
1630 2269 1731 2315 quae

344 2325 416 2371 illa
444 2342 546 2370 caro
571 2325 790 2383 gestabat,
819 2337 860 2370 et
880 2326 947 2371 liis
966 2327 1170 2371 omnibus
1194 2343 1282 2371 non
1307 2325 1492 2370 credatis
1516 2323 1729 2369 contami-

347 2405 496 2440 natum
535 2411 621 2439 esse
661 2394 875 2457 Spiritum
913 2407 1107 2441 sanctum
1130 2433 1140 2451 ,
1177 2414 1200 2441 a
1233 2412 1320 2458 quo
1345 2394 1467 2439 illum
1504 2393 1728 2438 hominem

347 2475 593 2528 susceptum
624 2482 710 2510 esse
735 2465 909 2511 creditis
939 2485 948 2511 ε
977 2484 1056 2511 cur
1077 2483 1178 2526 ergo
1207 2477 1379 2511 uterum
1410 2463 1663 2524 virginalem
1689 2473 1731 2508 et

347 2537 508 2582 intacta
536 2535 735 2595 genitalia
768 2537 1040 2583 relormidem
1058 2574 1068 2593 ‚
1093 2548 1134 2582 et
1160 2554 1246 2583 non
1272 2537 1419 2600 potius
1443 2535 1615 2581 credam
1646 2533 1729 2578 Sa-

346 2606 553 2669 pientiam
571 2605 648 2652 Dei
665 2607 711 2653 in
729 2607 831 2672 ipsis
852 2609 1054 2656 maternis
1075 2608 1312 2656 visceribus
1335 2606 1513 2654 homine
1529 2613 1729 2668 suscepto
