1795 3253
293 312 465 342 CONTRA
502 312 747 343 EPISTOLAM
782 310 1037 350 MANteuAEi,
1077 313 1162 344 mn.
1206 314 1235 344 1.
1386 297 1470 342 185

99 376 396 442 praeponenda
418 387 479 421 est
497 376 700 421 omnibus
716 375 799 420 illis
817 376 945 420 rebus
963 412 974 430 ,
1002 377 1163 437 quibus
1179 378 1224 422 in
1242 376 1472 422 Catholica

101 458 244 493 teneor
266 464 277 492 ε
301 446 336 491 si
358 456 499 491 autem
526 445 827 491 tantummodo
850 445 1123 507 promittitur
1139 483 1150 502 ‚
1179 457 1221 491 et
1242 464 1330 492 nori
1353 446 1472 491 exhi-

98 519 250 574 betur,
273 533 399 563 nemo
417 533 483 561 me
503 516 692 562 movebit
715 516 771 561 ab
798 532 845 560 ea
867 515 952 560 fide
977 533 1076 579 quae
1104 517 1297 562 animum
1328 533 1471 561 meum

103 597 165 632 tot
187 597 230 632 et
254 586 384 632 tantis
408 587 586 631 nexibus
608 585 856 631 christianae
877 585 1073 645 religioni
1094 587 1305 645 astringit.

164 655 239 701 Vl.
281 656 515 701 Videamus
540 656 670 715 igitur
692 655 798 717 quid
824 672 890 699 me
919 655 1073 701 doceat
1102 656 1398 710 Mwichaeus,
1431 666 1473 701 et

99 726 371 789 potissimum
384 727 506 771 illum
520 725 837 771 consideremus
848 725 1009 771 librum
1019 763 1029 781 ,
1040 743 1167 789 quem
1187 726 1475 771 Fundamenti

101 796 339 859 Epistolam
357 796 502 841 dicitis
520 833 530 851 ‚
552 797 629 841 ubi
652 806 789 841 totum
810 812 920 859 pene
941 796 1058 859 quod
1085 796 1257 841 creditis
1282 796 1481 841 contine-

100 875 184 912 tur.
211 866 310 928 Ipsa
333 866 446 910 enim
482 865 609 910 nobis
632 865 706 910 illo
739 876 932 928 tempore
962 865 1125 910 miseris
1159 865 1334 928 quando
1365 865 1474 910 lecta

99 946 185 989 est,
226 934 461 980 illuminati
500 935 758 980 dicebamur
797 954 820 981 a
857 935 998 981 vobis.
1034 938 1159 980 Certe
1190 935 1250 980 sie
1281 934 1438 997 incipit
1460 951 1471 978 ε

99 1026 120 1046 c<
147 1005 417 1051 Manichaeus
457 1005 676 1068 apostolus
714 1006 815 1051 Jesu
858 1005 1023 1050 Christi
1078 1004 1353 1068 providentia
1398 1005 1477 1049 Dei

98 1095 120 1117 ))
144 1075 292 1121 Patris.
323 1075 432 1120 Haec
454 1085 554 1120 sunt
582 1075 771 1120 salubria
803 1075 961 1131 verba,
992 1075 1045 1120 de
1076 1075 1254 1138 perenni
1292 1090 1342 1118 ac
1374 1073 1474 1118 vivo

99 1166 121 1187 >2
139 1144 274 1191 fonte.
301 1164 321 1186 >³
345 1145 444 1190 Jam
472 1161 572 1190 cum
598 1145 715 1190 bona
738 1146 972 1208 patientia,
1004 1145 1038 1190 si
1072 1145 1240 1208 placet,
1271 1143 1478 1189 attendite

99 1213 209 1278 quid
233 1230 444 1278 quaeram.
473 1215 572 1259 Non
595 1214 725 1260 credo
750 1215 880 1260 istum
901 1232 987 1260 esse
1009 1214 1264 1277 Apostolum
1293 1213 1472 1258 Christi.

101 1288 260 1340 Quaeso
285 1301 338 1328 ne
368 1285 650 1330 succenseatis
668 1321 679 1340 ‚
710 1295 752 1329 et
787 1285 1042 1330 maledicere
1073 1284 1305 1347 incipiatis,
1332 1281 1479 1327 Nostis

99 1354 213 1399 enim
231 1370 298 1399 me
317 1354 512 1399 statuisse
528 1390 538 1408 ‚
556 1353 670 1399 nihil
689 1372 712 1399 a
728 1355 851 1399 vobis
872 1354 1094 1416 prolatum
1113 1364 1270 1398 temere
1285 1351 1470 1397 credere.

101 1423 264 1479 Quaero
281 1440 381 1482 ergo
398 1423 474 1486 qui
490 1423 544 1468 sit
557 1423 634 1468 iste
654 1423 950 1469 Maniehaeus?
971 1423 1325 1486 Ptespondebitis,
1344 1423 1479 1484 Apos-

101 1492 214 1538 tolus
239 1493 418 1539 Christi.
449 1494 547 1538 Non
572 1493 702 1538 eredo
727 1511 736 1537 :
757 1494 865 1556 quid
882 1498 973 1553 jam
992 1493 1110 1539 dicas
1134 1492 1371 1547 autsacias,
1392 1508 1479 1536 non

100 1563 286 1608 habebis
318 1581 328 1607 :
364 1563 649 1626 promittebas
677 1564 790 1608 enim
823 1564 1045 1608 scientiam
1071 1564 1283 1618 veritatis‚
1303 1573 1346 1607 et
1363 1578 1480 1607 nunc.

101 1632 221 1697 quod
249 1633 394 1678 nescio
419 1633 537 1692 cogis
562 1643 610 1678 ut
633 1633 821 1679 credam.
854 1633 1138 1693 Evangelium
1173 1633 1284 1678 mihi
1307 1631 1482 1678 fortasse

102 1703 292 1749 lecturus
310 1720 352 1747 es
364 1739 375 1758 ‚
398 1712 438 1748 et
456 1702 558 1748 iude
574 1703 810 1748 Manichaei
826 1720 1054 1765 personam
1076 1702 1262 1747 tentabis
1280 1717 1474 1747 asserere.

104 1773 150 1819 Si
167 1789 267 1832 ergo
289 1772 501 1818 invenires
525 1772 710 1836 aliquem
726 1810 737 1828 ‚
757 1773 834 1836 qui
858 1772 1087 1832 Evangelio
1104 1771 1300 1817 nondum
1324 1769 1479 1824 credit,

104 1842 211 1906 quid
232 1842 393 1888 faceres
411 1841 574 1887 dicenti
594 1842 675 1887 tibi
698 1859 707 1886 :
738 1844 774 1887 N
781 1860 837 1887 011
862 1842 1022 1888 credo‘?
1050 1843 1140 1901 Ego
1164 1859 1265 1888 vero
1292 1842 1484 1899 Evange-

104 1913 164 1958 lio
188 1930 274 1958 non
297 1912 513 1957 crederem
528 1949 538 1967 ‚
556 1912 637 1957 nisi
656 1928 722 1956 me
739 1911 969 1957 catholicae
984 1922 1277 1957 commoveret
1298 1910 1483 1956 auctori-

106 1994 182 2030 tas;
199 1983 372 2039 Quibus
383 1999 481 2041 ergo
490 1981 789 2044 obtemperavi
802 1981 1048 2026 dicentibus
1061 1999 1071 2026 :
1085 1984 1116 2026 C
1126 1981 1221 2026 rede
1234 1980 1479 2039 Evangeli03

105 2070 184 2099 cur
206 2053 263 2098 eis
288 2069 376 2097 non
395 2053 692 2114 obtemperem
725 2051 972 2096 dicentibus
996 2051 1106 2096 mihi
1134 2069 1144 2096 z
1179 2051 1276 2096 tx‘oli
1309 2049 1483 2095 credere

107 2122 393 2169 itlanichaeis?
420 2122 540 2182 Elige
559 2121 667 2184 quid
688 2121 804 2168 velis.
833 2123 877 2167 Si
904 2122 1056 2167 dixeris
1083 2140 1092 2166 :
1120 2121 1258 2167 Crede
1280 2119 1483 2165 Catholi-

106 2194 166 2240 cis
184 2211 194 2238 :
214 2193 299 2257 ipsi
316 2210 383 2238 me
403 2203 580 2238 mouent
594 2202 641 2237 ut
655 2192 821 2237 nullam
836 2192 967 2238 fidem
985 2192 1313 2238 accommodem
1328 2190 1450 2235 vobis
1470 2207 1481 2234 ε

105 2273 374 2328 quapropter
396 2280 485 2308 non
514 2279 688 2326 possum
714 2261 796 2307 illis
819 2262 996 2308 credens
1012 2299 1022 2316 ‚
1064 2262 1144 2307 nisi
1173 2261 1252 2307 tibi
1276 2278 1362 2306 non
1387 2276 1486 2305 cre-

108 2335 222 2381 dere.
255 2334 301 2379 Si
324 2333 477 2379 dixeris
499 2352 508 2378 :
544 2334 640 2379 Noli
669 2334 908 2379 Catholicis
932 2333 1105 2379 credere
1129 2351 1139 2377 :
1167 2350 1255 2378 non
1279 2342 1393 2377 recte
1414 2331 1484 2376 fa—

108 2405 192 2451 cies
231 2421 308 2467 per
346 2404 629 2464 Evangelium
666 2422 733 2450 me
771 2422 921 2465 cogere
956 2405 1010 2450 ad
1051 2403 1287 2450 Manichaei
1327 2401 1456 2448 sidem
1471 2438 1481 2456 ,

109 2475 211 2539 quia
233 2474 316 2538 ipsi
337 2474 570 2535 Evangelio
593 2474 834 2520 Catholicis
859 2474 1204 2538 praedicantibus
1228 2471 1407 2518 credidi.
1440 2470 1485 2515 Si

111 2556 254 2591 autem
288 2543 441 2590 dixeris
470 2563 480 2589 ε
517 2545 652 2590 Recte
676 2545 898 2591 credidisti
935 2544 1176 2591 Catholicis
1205 2541 1489 2588 laudantibus

112 2613 394 2676 Evangelium
414 2653 424 2673 ,
446 2616 518 2663 sed
544 2633 629 2662 non
655 2627 768 2662 recte
789 2616 872 2663 illis
893 2615 1114 2663 credidisti
1139 2612 1489 2677 vituperantibus
