1795 3253
360 310 450 358 250
774 323 808 354 s,
852 322 1096 354 Auccsnm
1133 319 1335 351 Episcom

352 391 490 436 forma
519 389 615 441 Dei,
638 388 680 435 in
699 402 785 453 qua
806 403 907 435 cum
932 399 1037 435 esset
1057 424 1067 443 ‚
1091 403 1179 432 non
1204 384 1403 448 rapinam
1426 386 1660 435 arbitratus
1676 399 1738 436 cst

353 479 438 507 csse
458 461 638 525 {vqualis
661 461 750 505 Deo
770 459 805 509 ¹.
836 471 960 506 natus
1001 477 1047 505 ex
1085 457 1265 504 fimnina
1299 467 1392 509 est;
1431 458 1503 505 scd
1530 476 1576 505 ex
1598 459 1737 508 forma

351 533 484 588 servi,
529 548 661 595 quam
703 531 960 595 accipiendo
996 528 1276 591 semetipsum
1301 528 1553 577 exinanivit.
1585 530 1736 595 Neque

351 603 465 649 enim
487 602 546 648 ob
566 600 684 647 aliud
706 601 938 647 exinanisse
973 619 1014 646 sc
1052 599 1196 645 dictus
1231 609 1317 653 est,
1357 599 1440 646 nisi
1477 600 1735 664 accipiendo

350 672 536 719 formam
554 671 681 727 servi,
698 687 784 716 non
801 670 1041 718 amittendo
1064 670 1249 716 sormam
1275 669 1368 716 Dei.
1409 669 1489 717 Illa
1519 671 1634 718 enim
1654 689 1735 718 na-

352 754 447 790 tura
463 781 474 799 ‚
499 760 586 807 qua
610 742 654 788 in
678 741 818 787 forma
841 741 918 787 Dei
943 740 1122 805 {equalis
1146 749 1207 785 est
1231 739 1378 796 Patri,
1399 740 1736 788 incommutabi-

349 814 446 860 liter
464 822 760 877 permanente,
783 813 973 875 suscepit
993 809 1250 857 mutabilem
1267 821 1456 857 nostram
1474 848 1486 867 ‚
1508 828 1586 875 per
1602 829 1734 876 quam

349 885 402 932 de
430 885 596 945 virgine
620 894 882 930 nasceretur,
923 884 1004 929 Vos
1027 893 1171 929 autem
1189 919 1200 937 ‚
1228 898 1330 929 cum
1363 899 1540 929 cat-nem
1568 883 1735 931 Christi

348 955 548 1016 virginali
574 965 695 1000 utero
729 954 1000 1000 committere
1032 952 1249 1008 horretis,
1280 953 1421 1016 ipsam
1457 953 1733 1001 divinitatem

350 1029 428 1075 Dei
445 1066 456 1083 ,
477 1045 563 1073 non
589 1037 757 1072 tantum
778 1026 1008 1072 hominum
1025 1063 1036 1082 ‚
1063 1025 1137 1072 sed
1161 1035 1203 1071 et
1224 1042 1383 1072 cauum
1408 1043 1734 1090 porcorumque

349 1100 480 1145 uteris
517 1098 791 1144 commisistis
817 1114 829 1143 ι
850 1097 977 1143 semel
1017 1106 1276 1160 conceptam
1311 1096 1357 1143 in
1395 1107 1516 1144 utero
1554 1097 1733 1157 virginis

349 1170 514 1216 Christi
535 1186 708 1215 carnem
730 1186 818 1215 non
837 1169 968 1215 vultis
986 1168 1162 1215 credere
1177 1205 1187 1225 ‚
1205 1167 1251 1214 in
1270 1185 1358 1231 quo
1378 1185 1466 1214 non
1486 1167 1626 1215 solum
1644 1186 1732 1215 non

347 1241 530 1302 ligatus,
553 1239 625 1286 sed
644 1256 723 1285 nec
742 1250 936 1286 mutatus
961 1249 1024 1285 est
1048 1239 1188 1292 Deus;
1213 1248 1256 1284 et
1278 1240 1418 1302 ipsam
1442 1239 1520 1285 Dei
1539 1249 1728 1302 partem,

312 1344 317 1348 -
353 1310 634 1374 divinamque
652 1320 872 1366 naturam,
887 1310 930 1356 in
943 1309 1139 1356 omnium
1159 1309 1409 1368 hominum,
1431 1326 1482 1356 ac
1495 1309 1733 1356 bestiarum

347 1381 596 1429 masculinis
634 1381 873 1428 seminibus
904 1391 945 1427 et
970 1380 1209 1428 foemininis
1237 1380 1369 1428 uteris
1390 1418 1402 1436 ,
1445 1381 1490 1429 in
1526 1381 1731 1429 omnibus

344 1453 631 1518 conceptibus
648 1490 658 1508 ‚
686 1470 764 1517 per
794 1470 942 1500 omnes
967 1463 1100 1500 terras
1118 1489 1129 1508 ‚
1159 1463 1202 1500 et
1226 1470 1306 1518 per
1329 1470 1477 1501 omnes
1501 1470 1635 1517 aquas
1650 1490 1662 1509 ‚
1689 1464 1731 1500 et

341 1541 420 1589 per
440 1542 587 1572 omnes
604 1524 735 1571 horas
751 1524 873 1586 ligari
893 1562 904 1581 ‚
932 1524 1151 1588 opprimi,
1179 1524 1472 1590 coinquinari,
1493 1535 1536 1572 et
1555 1541 1636 1572 nee
1656 1534 1728 1571 to-

344 1606 432 1643 tam
452 1607 598 1661 postea
621 1595 797 1644 liberari
820 1613 942 1661 posse
965 1595 1231 1661 praedicatis.

395 1700 404 1721 ¹
427 1698 547 1742 Philip.
567 1710 606 1737 11,
627 1700 660 1733 6.
