1795 3253
281 319 456 350 CONTRA
494 317 694 349 FAUSTUM
730 317 1038 358 MANiCHAEUM,
1078 317 1166 349 [ΑΒ.
1208 318 1258 349 11.
1366 303 1458 350 243

87 384 343 430 Verbidium
367 383 676 438 nominaverit,
715 392 896 445 propter
922 380 1140 437 Verbum3
1174 384 1285 430 siout
1314 381 1451 443 illud,

84 466 266 520 propter
293 455 504 516 genesim,
535 453 814 500 Genesidium
848 470 976 499 ausus
1008 465 1070 498 est
1099 454 1329 518 appellare.
1373 458 1459 504 Sed

86 544 165 572 cur
183 544 269 572 non
287 526 433 589 potius
453 525 652 585 cogitatis
667 563 677 581 ,
699 535 862 589 quanta
880 524 1154 587 impudentia
1170 526 1355 590 prolixas
1370 528 1466 575 illas

85 607 127 642 et
161 596 318 660 impias
353 595 524 642 fabulas
561 606 721 641 vestras
752 595 1038 654 Evangelium
1062 597 1320 643 nominetis?
1345 599 1466 656 Quid

86 668 200 713 enim
227 667 315 713 illic
339 667 444 712 boni
479 667 789 723 annuntiatur,
819 665 894 711 ubi
925 665 1087 711 dicitur
1120 668 1235 713 Deus
1267 668 1470 715 adversus

85 738 290 784 rebellem
324 738 466 783 nescio
503 755 633 800 quam
670 736 934 783 contrariam
971 736 1241 803 alienamque
1269 751 1469 786 naturam

85 827 173 856 non
196 810 320 855 aliter
339 826 470 869 regno
488 826 565 854 suo
586 809 776 872 potuisse
794 807 1043 872 prospicere
1069 819 1198 872 atque
1220 811 1461 869 consulere,

88 881 169 926 nisi
191 891 361 944 partem
387 897 476 926 suae
496 891 665 926 naturae
695 880 740 926 in
770 879 885 925 illius
917 878 1065 924 avidas
1084 878 1230 927 fauces
1254 881 1474 928 devoran-

89 951 188 997 dam
210 952 421 1005 mitteret,
456 962 584 1016 atque
613 953 672 998 ita
696 949 1003 1016 polluendam,
1032 961 1077 997 ut
1113 963 1217 1016 post
1239 963 1379 999 tantos
1404 954 1474 1000 la·-

85 1023 211 1068 bores
248 1034 375 1087 atque
402 1024 621 1068 cruciatus
650 1040 739 1068 non
774 1032 920 1086 posset
951 1020 1103 1068 saltem
1138 1032 1229 1069 tota
1260 1025 1472 1087 purgari?

86 1094 236 1140 Ita-ne
261 1106 347 1140 tam
376 1093 513 1139 malus
531 1094 710 1140 nuntius
738 1092 1023 1153 Evangelium
1053 1097 1149 1140 θεῖ’.)
1176 1096 1301 1141 Certe
1324 1113 1470 1142 omnes

84 1166 161 1230 qui
192 1166 345 1210 Graece
374 1164 442 1210 vel
472 1165 658 1210 tenuiter
686 1174 924 1219 noverunt,
961 1165 1244 1225 Evangelium
1265 1203 1276 1222 ,
1303 1166 1473 1213 bonum

84 1236 317 1291 nuntium,
368 1245 443 1280 aut
480 1236 643 1281 bonam
690 1235 1066 1280 annuntiationem
1108 1236 1464 1300 interpretantur.

90 1307 324 1365 Quomodo
347 1317 410 1352 est
437 1317 581 1352 autem
606 1307 684 1352 iste
710 1307 853 1352 bonus
880 1307 1082 1363 nuntius,
1112 1308 1473 1372 quandoquidem

84 1378 176 1442 ipse
212 1380 326 1425 Deus
359 1377 510 1433 vobis,
549 1377 645 1423 velo
676 1378 759 1423 sibi
795 1378 1025 1441 opposito,
1065 1378 1210 1438 lugere
1249 1379 1473 1425 nuntiatus

85 1460 147 1494 est
165 1490 177 1506 ,
207 1448 346 1494 donec
364 1465 439 1494 sua
463 1448 661 1495 membra
692 1449 748 1494 ab
773 1448 847 1494 illa
873 1450 1111 1495 vastatione
1134 1460 1175 1494 et
1192 1451 1470 1496 contamina—

85 1521 202 1567 tione
222 1531 481 1585 reparentur
506 1531 635 1584 atque
653 1524 923 1584 purgentur?
947 1522 1035 1578 Qui
1053 1523 1087 1567 si
1113 1521 1348 1586 aliquando
1372 1523 1469 1569 luc-

84 1602 178 1638 tum
198 1593 386 1649 finierit,
411 1591 599 1638 crudelis
624 1593 718 1638 erit.
746 1592 865 1649 Quid
885 1593 1000 1638 enim
1020 1592 1074 1639 de
1093 1593 1167 1639 illo
1186 1593 1295 1641 male
1311 1596 1469 1642 meruit

84 1680 185 1727 pars
204 1662 278 1708 illa
296 1666 387 1724 ejus
407 1680 508 1726 quae
526 1662 568 1709 in
589 1662 719 1723 globo
738 1663 978 1723 ligabitur?
995 1682 1095 1728 quae
1111 1665 1261 1729 utique
1278 1666 1324 1712 in
1344 1678 1466 1713 aeter-

84 1751 191 1779 num
216 1732 403 1794 lugenda
438 1743 521 1789 est,
563 1733 666 1797 quia
707 1734 751 1779 in
789 1745 1000 1797 {eternum
1033 1735 1330 1784 damnabitur.
1381 1738 1466 1785 Sed

84 1805 320 1862 evasimus,
346 1805 465 1869 quod
488 1805 617 1851 istum
637 1806 842 1852 nuntium
863 1807 1058 1871 quisquis
1075 1807 1302 1868 diligenter
1315 1810 1465 1857 adver-

84 1876 212 1929 terit,
254 1893 342 1921 non
377 1876 548 1936 cogitur
582 1876 749 1937 lugere,
782 1878 884 1941 quia
915 1878 1052 1925 malus
1075 1889 1159 1934 est3
1197 1880 1271 1927 sed
1297 1881 1460 1942 ridere,

83 1946 185 2011 quia
207 1945 339 1993 falsus
363 1957 438 1994 est.

1261 2724 1329 2772 16.
