1795 3253
225 247 401 280 CONTRA
434 245 733 279 FORTUNATUM
768 245 959 278 MANICH.
1001 246 1268 278 DISPUTATIO
1305 247 1335 279 1.
1412 249 1470 296 79

99 314 158 362 01)
179 332 313 380 quam
339 331 514 360 causam
531 312 659 359 istum
680 312 726 358 in
752 310 968 357 mundum
996 313 1217 370 venerint,
1245 325 1294 361 ut
1319 316 1475 362 merito

94 403 212 432 nune
229 403 299 432 eas
321 402 401 448 per
422 384 692 444 unigenitum
714 382 870 428 Filium
898 399 1022 427 suum
1057 401 1106 429 36
1127 386 1191 430 sui
1217 386 1398 433 similem
1422 387 1475 434 de

97 455 184 502 hoc
203 455 370 501 mundo
390 454 620 509 liberaret,
648 453 681 498 si
705 453 818 498 nihil
839 463 999 516 praeter
1018 453 1176 517 ipsum.
1202 477 1222 497 ›>

161 527 261 573 Vll.
305 527 419 572 Aue.
450 524 589 570 dixit:
620 526 724 569 Non
757 523 964 569 debemus
997 523 1201 572 frustrare
1234 538 1374 575 tantos
1397 531 1474 593 qui

93 605 326 660 praesentes
351 606 478 651 sunt,
505 606 547 641 et
569 594 622 640 de
651 594 888 657 quaestione
923 596 1147 657 proposita
1164 597 1225 643 ire
1245 599 1300 643 ad
1332 601 1465 649 aliud.

95 667 168 713 Sic
193 667 456 712 confitemur
491 666 645 721 ambo,
670 665 731 710 sic
761 664 888 709 nobis
912 665 1193 712 concedimus
1220 685 1306 715 esse
1323 671 1472 717 incor-

92 737 345 801 ruptibilem
370 748 412 782 et
427 735 721 782 inviolabilem
741 736 905 790 Deum,
937 745 978 779 et
997 735 1109 781 nihil
1132 738 1224 800 pati
1244 742 1430 802 potuisse
1459 762 1469 788 ι

93 825 141 853 ex
162 823 249 871 quo
268 817 331 853 est
348 823 615 869 consequens
642 815 688 851 ut
702 804 807 851 falsa
826 805 880 850 sit
906 805 1079 851 haeresis
1098 819 1233 855 vestra
1246 847 1257 866 ‚
1285 829 1385 875 quae
1408 813 1473 859 di-

93 879 154 925 cit
178 880 343 934 Deum,
382 894 481 923 cum
513 877 676 923 videret
711 876 935 921 imminere
970 877 1215 925 vastitatem
1249 899 1297 927 36
1328 883 1473 931 labem

93 948 232 1008 regnis
252 948 339 993 suis
356 985 368 1004 ,
394 947 555 993 misisse
572 948 777 993 virtutem
797 963 898 1009 quae
915 963 1017 992 cum
1042 950 1321 998 tenebrarum
1349 966 1473 1014 gente

92 1018 299 1075 bellaret,
326 1029 367 1063 et
394 1035 441 1063 ex
469 1035 516 1063 63
537 1017 841 1063 commixtione
872 1027 1038 1062 nostras
1071 1020 1234 1066 animas
1252 1021 1465 1073 laborare.

92 1089 240 1136 Brevis
258 1099 320 1134 est
351 1105 450 1149 ergo
478 1089 587 1134 ratio
620 1106 713 1133 mea
731 1125 742 1143 ,
770 1098 811 1132 et
840 1098 1051 1151 quantum
1076 1091 1269 1138 existimo
1288 1131 1298 1149 ‚
1337 1096 1473 1143 cuivis

91 1158 357 1222 planissima.
383 1159 428 1203 Si
448 1158 562 1203 Deus
581 1157 693 1204 nihil
711 1158 804 1221 pati
825 1159 971 1221 potuit
991 1176 1013 1204 a
1032 1171 1154 1219 gente
1172 1164 1468 1223 tenebrarum,

93 1231 196 1293 quia
226 1229 492 1275 inviolabilis
530 1239 614 1282 est3
640 1230 729 1275 sine
755 1246 884 1275 631153
917 1229 1007 1276 11116
1038 1248 1115 1277 1105
1146 1234 1286 1291 misit,
1314 1247 1362 1282 ut
1394 1256 1472 1285 nos

93 1299 168 1345 hic
201 1316 417 1345 aerumnas
442 1299 677 1362 patiamur.
722 1300 768 1345 Si
805 1310 950 1344 autem
972 1299 1138 1364 aliquid
1166 1305 1261 1366 pati
1293 1309 1468 1370 potuit;

92 1386 181 1415 non
203 1380 266 1415 est
287 1369 554 1416 inviolabilis
570 1407 581 1425 ‚
619 1380 661 1414 et
695 1369 894 1433 decipitis
919 1387 989 1415 eos
1010 1372 1172 1434 quihus
1207 1373 1351 1422 dicitis
1387 1396 1473 1425 esse

91 1440 385 1487 inviolabilem
411 1441 565 1486 Deum.
593 1441 691 1486 Hoc
714 1440 830 1485 enim
845 1451 985 1487 Vestra
1005 1441 1180 1489 haeresis
1199 1457 1349 1505 negat,
1371 1465 1472 1496 cum

94 1522 250 1557 caetera
273 1522 499 1574 exponltis.

159 1583 293 1629 Fossr.
322 1582 430 1626 dixit
458 1599 468 1626 t
493 1602 513 1622 <‹
540 1582 635 1627 Hoc
660 1581 868 1626 sentimus
886 1618 896 1638 ‚
919 1581 1040 1644 quod
1063 1600 1141 1629 nos
1169 1584 1345 1634 instruit
1364 1590 1473 1638 bea-

94 1663 163 1699 tus
182 1652 404 1716 apostolus
427 1652 589 1698 Paulus
607 1689 617 1708 ,
646 1652 722 1716 qui
761 1652 869 1697 dixit
895 1671 905 1698 :
930 1674 950 1694 «
970 1654 1067 1698 Hoc
1099 1657 1252 1703 sentite
1279 1659 1326 1705 in
1349 1663 1474 1709 vobis

94 1745 115 1765 >³
133 1723 254 1787 quod
277 1733 319 1768 et
342 1723 389 1768 in
409 1723 586 1768 Christo
620 1723 723 1769 Jesu
741 1760 751 1779 ,
779 1724 855 1787 qui
891 1740 992 1769 cum
1015 1724 1061 1769 in
1092 1724 1231 1773 forma
1265 1730 1343 1777 Dei
1367 1746 1473 1779 esset

94 1816 114 1836 n
136 1794 410 1849 constitutus,
429 1811 519 1839 non
536 1794 736 1857 rapinam
758 1795 995 1840 arbitratus
1010 1805 1071 1840 est
1089 1813 1175 1842 esse
1199 1816 1240 1844 se
1260 1804 1471 1865 aequalem

94 1886 116 1907 »
135 1866 246 1921 Deo,
266 1864 339 1910 sed
359 1865 636 1928 semetipsum
654 1865 887 1911 exinanivit
902 1866 1090 1912 formam
1107 1870 1216 1915 servi
1234 1874 1468 1937 accipiens,

96 1957 117 1978 ))
135 1936 180 1981 in
203 1935 486 1981 similitudine
508 1935 739 1980 hominum
762 1935 901 1981 factus
917 1973 928 1991 ‚
960 1947 1001 1980 et
1022 1936 1181 1984 habitu
1196 1940 1397 1990 inventus
1424 1958 1474 1992 ut

95 2027 116 2049 »
133 2006 267 2052 1101110
294 2024 306 2051 :
332 2005 584 2051 humiliavit
610 2005 888 2067 semetipsum
904 2042 916 2061 ‚
940 2016 981 2051 et
1009 2005 1148 2052 factus
1179 2021 1242 2055 est
1271 2013 1473 2063 subditus

95 2097 117 2118 ›>
135 2092 270 2139 usque
293 2074 350 2120 ad
374 2084 554 2119 mortem
568 2073 602 2121 1.
627 2096 648 2116 ›>
676 2075 772 2120 Hoc
793 2092 892 2135 ergo
915 2077 1122 2123 sentimus
1141 2078 1193 2124 de
1211 2083 1337 2129 nohis
1352 2088 1471 2149 quod

95 2157 136 2192 et
155 2145 208 2191 de
231 2145 407 2191 Christo
426 2181 436 2201 ‚
463 2148 540 2207 qui
564 2161 666 2190 cum
685 2145 730 2190 in
757 2143 898 2191 forma
934 2146 1014 2192 Dei
1045 2159 1150 2194 esset
1175 2153 1436 2202 constitutus
1457 2196 1467 2215 ‚

93 2216 236 2263 factus
262 2226 325 2261 est
348 2215 553 2260 subditus
576 2215 789 2278 usque-ad
824 2227 1006 2262 mortem
1024 2254 1036 2273 ,
1070 2229 1118 2264 ut
1143 2221 1471 2275 similitudinem

97 2287 338 2333 animarum
354 2296 601 2331 nostrarum
621 2286 875 2334 ostenderet.
902 2289 959 2333 Et
976 2290 1347 2352 quemadmodum
1368 2298 1414 2343 in
1432 2317 1474 2346 se

51 2353 57 2356 ’
94 2357 247 2404 mortis
269 2355 598 2402 similitudinem
622 2357 832 2410 ostendit,
859 2368 900 2403 et
923 2375 965 2403 se
989 2376 1011 2404 a
1036 2361 1165 2406 Patre
1188 2380 1273 2409 esse
1302 2365 1355 2411 de
1378 2385 1474 2414 me..

96 2427 170 2474 dio
203 2437 475 2473 mortuorum
507 2427 807 2474 resuscitatum
840 2446 851 2474 ε
879 2445 927 2474 60
957 2429 1090 2475 modo
1122 2433 1329 2481 sentimus
1357 2449 1398 2484 et
1420 2440 1475 2487 de

96 2498 251 2546 animis
287 2497 442 2544 nostris
470 2497 696 2556 futurum,
722 2498 843 2564 quod
873 2517 953 2564 per
985 2501 1130 2564 ipsum
1152 2506 1391 2566 poterimus
1417 2513 1473 2558 ab

145 2582 158 2606 ι
176 2581 298 2627 Philip.
315 2593 359 2623 ιι,
377 2582 450 2622 ⁵·7.
