1795 3253
302 278 327 326 {2
342 278 394 336 '¹6
725 287 759 319 s.
804 287 1050 319 Auuusrnu
1087 289 1290 320 nriscoel

300 366 586 412 monstratur,
603 353 721 401 nulla
739 355 916 402 omnino
930 373 1057 402 causa
1071 367 1149 411 est,
1167 373 1246 402 cur
1259 357 1487 422 quisquam
1500 358 1681 406 istorum

297 427 689 488 Evangelistarum‚
716 426 761 472 in
778 426 955 473 diversis
981 428 1332 487 generationibus
1356 431 1678 484 enumerandis,

298 499 453 545 falsum
480 498 632 544 dixisse
659 497 875 544 credatur.
918 501 950 544 A
987 498 1162 544 duobus
1187 499 1302 544 enim
1335 501 1541 563 patribus
1561 540 1570 558 ,
1588 507 1682 563 jam

293 589 384 617 non
405 570 486 616 erit
517 570 676 615 mirum
708 585 847 632 neque
871 570 1138 615 contrarium
1159 607 1169 619 ,
1201 570 1321 633 qnod
1355 582 1396 616 et
1418 573 1485 618 avi
1524 573 1613 620 duo
1639 585 1681 620 et

296 642 411 689 atavi
435 651 476 687 et
496 641 648 704 proavi
668 655 755 686 esse
776 650 1009 703 potuerunt
1026 678 1035 687 .
1055 652 1091 685 et
1119 640 1336 704 quidquid
1356 658 1487 706 supra
1508 655 1594 701 est,
1618 661 1685 691 us-

296 730 381 777 que
405 711 460 757 ad
489 711 631 757 David
653 748 664 762 ,
694 714 820 770 qu'us
843 721 963 756 erant
992 710 1121 755 ambo
1146 710 1223 755 titii
1242 747 1253 767 ‚
1293 723 1334 757 et
1372 713 1577 760 Salomon
1605 715 1683 777 qui

297 783 485 849 pertinet
507 782 561 827 ad
587 781 784 827 ordinem
809 798 938 844 quem
971 781 1204 827 Matthaeus
1226 793 1398 829 secutus
1415 795 1506 840 est,
1530 796 1572 830 et
1599 787 1684 831 Na-

296 856 405 902 than
430 854 505 918 qui
532 864 594 899 est
628 854 671 898 in
717 853 821 898 serie
845 869 978 915 quam
1011 854 1154 898 Lucas
1192 855 1399 917 exposuit.
1432 856 1682 902 Attendunt

298 928 414 973 enim
439 927 518 972 ista
539 924 786 977 nonnulti‘l,
823 935 864 969 et
897 924 1047 969 vident
1076 942 1162 970 non
1189 942 1312 987 posse
1333 944 1356 972 a
1381 926 1556 974 duobus
1580 929 1685 974 viris

301 1015 381 1063 per
400 996 752 1043 commixtionem
773 995 914 1041 carnis
936 994 1157 1040 hominem
1177 997 1320 1056 gigni3
1347 1008 1388 1042 et
1406 997 1503 1043 ideo
1526 1009 1686 1062 putant

301 1071 433 1116 istam
471 1068 757 1131 quaestionem
789 1083 876 1111 non
910 1083 1034 1128 posse
1075 1066 1250 1112 dissolvi
1280 1085 1290 1112 :
1321 1085 1399 1114 nec
1423 1069 1654 1116 intuentur
1674 1108 1685 1126 ‚

303 1139 423 1205 quod
442 1139 767 1185 usitatissimum
791 1148 918 1200 atque
939 1137 1196 1184 facillimum
1216 1149 1278 1184 est
1297 1177 1307 1191 ,
1340 1151 1510 1203 patrem
1537 1145 1690 1201 cujus-

302 1229 462 1276 quam,
490 1228 578 1256 non
598 1226 696 1256 eum
724 1220 891 1255 tantum
914 1209 1001 1255 dici
1034 1227 1056 1255 a
1089 1227 1176 1274 quo
1207 1211 1420 1270 genitus‘2‚
1449 1212 1520 1257 sed
1560 1213 1690 1258 etiam

303 1301 404 1330 eum
423 1301 446 1328 a
471 1298 559 1346 quo
576 1281 707 1327 suerit.
729 1280 977 1344 adoptatus.

373 1355 524 1417 Neque
545 1353 660 1398 enim
687 1351 936 1415 adoptionis
955 1351 1182 1397 vinculum
1211 1351 1328 1416 apud
1358 1354 1559 1418 antiquos
1585 1354 1690 1400 alie-

304 1443 412 1474 num
432 1426 487 1473 ab
512 1441 661 1470 eorum
684 1424 881 1469 moribus
899 1421 982 1469 fuit
1004 1461 1014 1478 ‚
1050 1441 1152 1469 cum
1186 1426 1316 1470 etiam
1342 1426 1542 1472 foeminas
1569 1427 1694 1472 inve-

306 1499 476 1545 niamus
497 1495 724 1560 adoptasse
741 1495 823 1541 sibi
850 1494 960 1540 filios
979 1532 988 1549 ‚
1015 1511 1102 1539 non
1123 1512 1168 1540 ex
1194 1506 1316 1541 utero
1331 1513 1407 1542 suo
1422 1507 1569 1542 natos:
1584 1497 1696 1543 sicut

312 1571 418 1617 Sara
440 1586 488 1614 ex
508 1566 672 1627 Agarss,
700 1577 741 1612 et
767 1567 845 1612 Lia
868 1584 914 1612 ex
936 1566 1094 1613 ancilla
1122 1567 1248 1615 sual&
1277 1579 1318 1613 et
1340 1568 1426 1614 filia
1454 1568 1696 1615 Pharaonis

311 1646 495 1705 Moysen
523 1637 796 1702 adoptavit5.
838 1639 937 1701 Ipse
969 1649 1111 1684 autem
1149 1640 1313 1695 Jacob.
1351 1651 1529 1703 nepotes
1563 1657 1661 1686 suos
1682 1678 1692 1695 ‚

312 1713 423 1759 filios
446 1710 612 1774 Joseph
635 1747 646 1766 ‚
675 1709 948 1772 adoptavitss.
975 1710 1125 1772 Ipsum
1147 1727 1249 1755 vero
1271 1709 1520 1773 adoptionis
1538 1728 1695 1757 nomen

313 1783 556 1848 plurimum
584 1779 727 1826 valere
751 1781 795 1827 in
822 1791 980 1826 nostra-³
1007 1781 1109 1826 fidei
1127 1792 1397 1827 sacramento
1417 1819 1427 1837 ‚
1457 1782 1695 1845 apostolica

315 1853 514 1901 doctrina
534 1861 728 1897 testatur.
755 1850 882 1897 Unde
905 1851 1125 1914 apostolus
1144 1852 1305 1898 Paulus
1320 1869 1421 1898 cum
1442 1851 1496 1898 de
1514 1852 1698 1898 Judaeo-

314 1942 413 1971 rum
438 1923 600 1970 meritis
620 1922 870 1985 loqueretur
895 1940 905 1967 z
934 1922 1166 1979 «Quorum
1181 1932 1244 1968 est
1263 1960 1273 1975 ‚
1296 1922 1439 1987 inquit
1456 1960 1466 1978 ,
1495 1922 1695 1987 adoptio,

315 2017 338 2039 »
361 2008 405 2043 et
426 1995 561 2057 gloria
581 2032 592 2050 ‚
625 2004 666 2039 et
693 1995 968 2039 Testamenta
990 2031 1000 2049 ‚
1041 2004 1083 2039 et
1105 1994 1361 2054 Legislatio‚
1399 2011 1587 2058 quorum
1616 2012 1700 2058 pa-

316 2089 338 2110 »
363 2079 472 2123 tres.
499 2077 607 2113 etex
625 2065 788 2129 quibus
817 2065 1020 2111 Christus
1046 2064 1287 2111 secundum
1314 2082 1485 2111 carnem
1507 2103 1517 2119 ,
1543 2065 1619 2129 qui
1640 2076 1702 2111 est

316 2159 339 2181 ³>
362 2155 493 2202 super
512 2136 658 2183 omnia
679 2136 795 2182 Deus
813 2135 1068 2181 benedictus
1088 2136 1134 2181 in
1158 2136 1318 2182 saecula
1336 2136 1370 2183 ⁷.
1390 2157 1410 2177 >2
1439 2138 1547 2182 Item
1567 2136 1697 2183 dicit:

317 2231 339 2252 α
365 2214 422 2256 Et
445 2209 528 2273 ipsi
547 2208 593 2254 in
619 2207 944 2270 nobismetipsis
963 2207 1309 2267 ingemiscimus,
1328 2206 1608 2271 adoptionem
1627 2224 1702 2252 ex-

317 2303 339 2325 »
362 2291 586 2346 pectantes
611 2278 802 2325 filiorum
822 2278 919 2335 Dei,
937 2278 1282 2343 redemptionem
1302 2279 1500 2342 corporis
1520 2279 1701 2326 nostri.»

317 2353 429 2399 Item
454 2351 540 2397 alio
566 2349 662 2396 loco
690 2367 701 2394 z
725 2350 878 2395 «Cum
906 2360 1049 2395 autem
1071 2350 1192 2395 venit
1208 2349 1439 2414 plenitudo
1459 2349 1668 2414 temporis
1689 2387 1699 2405 ‚

319 2444 342 2466 »
372 2422 490 2468 misit
520 2421 637 2466 Deus
675 2419 833 2466 Filium
865 2437 990 2466 suum
1032 2420 1199 2466 factum
1229 2437 1273 2466 ex
1299 2419 1506 2477 muliere,
1534 2420 1701 2467 factum

319 2515 341 2537 »
366 2493 449 2540 sub
474 2494 612 2553 Lege,
639 2501 688 2537 ut
716 2508 788 2537 eos
811 2491 888 2554 qui
925 2491 1006 2538 sub
1044 2493 1156 2552 Lege
1187 2501 1309 2538 erant
1329 2528 1339 2546 ‚
1373 2491 1630 2549 redimeret,
1660 2501 1706 2537 ut

368 2586 379 2608 ¹
401 2583 518 2618 Euseb.
539 2583 657 2616 Eccles.
686 2582 759 2615 hist.
788 2582 807 2614 Ι.
828 2596 852 2620 ι,
870 2595 896 2615 c.
917 2595 946 2623 7.
967 2602 1006 2607 —
1026 2582 1042 2605 ²
1061 2595 1077 2614 2
1106 2586 1248 2615 Retraee.
1271 2594 1288 2613 e.
1331 2593 1362 2627 7.
1379 2601 1423 2606 —-
1440 2579 1454 2604 3
1472 2584 1554 2616 Ger..
1576 2593 1641 2616 xv1.
1661 2602 1703 2608 —-

321 2638 400 2673 ⁴1d.
421 2649 495 2670 xxx.
511 2656 554 2661 —-
575 2635 588 2659 5
606 2635 712 2669 Exod.
728 2647 768 2669 11.
782 2653 827 2659 —
842 2633 856 2657 ὓ
873 2638 1095 2675 Gen.xi,xn1‚
1117 2638 1145 2669 5.
1164 2655 1209 2660 —
1226 2634 1239 2657 ⁷
1258 2639 1354 2670 Rom.
1377 2647 1420 2674 ix,
1441 2642 1470 2673 4.
