1795 3253
226 301 400 334 CONTRA
436 299 641 331 FAUSTUM
677 282 979 341 MAN'ICHJ-EUM,
1020 301 1107 333 Lm.
1149 301 1252 332 xm.
1350 287 1442 350 379

64 371 240 417 Christo
275 367 541 415 credendum
575 384 659 413 esse
693 383 781 413 non
817 365 1009 423 dubitat,
1050 379 1255 432 tanquam
1294 369 1445 415 melius

61 441 322 506 praedicanti
363 439 590 484 Christum
626 437 874 484 Manichaeo
914 437 1122 502 deceptus
1162 441 1440 503 acquiescat?

66 514 177 557 Ecce
200 521 260 556 est
276 510 347 555 ille
363 509 512 572 perdix
537 525 801 569 congregans
820 525 919 572 quae
937 526 1024 554 non
1050 510 1264 574 peperitst.
1296 512 1445 557 Ita—ne

16 613 17 618 =
63 600 160 628 eum
177 581 371 627 nondum
391 579 692 643 derelinquitis
708 596 783 625 vos
800 596 909 643 quos
930 592 1176 640 congregat,
1194 592 1234 626 et
1250 582 1447 627 nondum

64 654 188 700 vobis
211 663 391 717 apparet
415 652 641 714 insipiens,
667 651 742 714 qui
762 650 871 696 dicit
894 651 1182 697 Hebraeorum
1203 654 1447 699 testimonia

64 724 209 779 nobis,
244 723 413 768 etiamsi
444 739 544 768 vera
576 722 679 778 sint,
716 732 813 767 ante
845 721 978 767 fidem
1009 722 1179 768 inutilia
1208 741 1311 780 esse,
1348 734 1448 788 post

66 794 196 840 fidem
224 810 505 857 supervacua.

129 865 296 911 XVIII.
340 863 567 923 Abjiciant
588 881 688 924 ergo
712 863 788 927 qui
813 862 1111 919 crediderunt,
1139 881 1286 910 omnes
1315 864 1449 911 libros

64 954 144 1000 per
165 953 275 1001 quos
297 936 462 982 factum
489 946 552 980 est
574 945 622 980 ut
640 935 875 982 crederent.
906 936 1015 981 Nam
1035 935 1068 980 si
1086 935 1174 981 hoc
1194 953 1343 982 verum
1368 947 1446 992 est,

66 1024 146 1053 cur
171 1007 237 1053 vel
260 1006 405 1070 ipsum
445 1006 727 1065 Evangelium
761 1005 928 1051 Christi
965 1024 986 1051 a
1020 1005 1222 1052 fidelibus
1252 1007 1418 1067 legatur
1438 1045 1447 1059 ,

66 1095 154 1124 11011
180 1077 321 1123 video.
363 1079 472 1122 Ante
500 1076 630 1121 fidem
656 1078 824 1140 quippe
847 1077 1001 1122 inutile
1023 1088 1110 1131 est,
1137 1078 1238 1141 quia
1262 1078 1333 1124 ille
1353 1096 1453 1139 gen-

67 1149 170 1204 tilis,
198 1165 328 1211 quem
349 1147 561 1192 ridentem
579 1147 805 1203 ridendus,
831 1147 898 1193 vel
918 1148 1066 1212 potius
1084 1148 1252 1194 flendus
1273 1150 1452 1194 Faustus

67 1220 255 1274 inducit,
282 1236 372 1264 non
399 1218 538 1264 credit
561 1219 753 1265 (Ihristo.
785 1219 890 1264 Post
919 1219 1050 1265 fidem
1076 1231 1216 1265 autem
1241 1238 1452 1285 superva-

69 1308 219 1345 cuum,
249 1289 282 1335 si
303 1289 432 1335 etiam
455 1289 565 1334 veris
589 1289 642 1334 de
668 1289 847 1334 Christo
874 1290 1107 1353 praeconiis
1122 1295 1211 1351 jam
1232 1293 1453 1355 superfluo

70 1361 280 1417 creditur,
305 1377 407 1406 cum
425 1360 470 1405 in
495 1377 592 1406 eum
614 1360 829 1406 creditum
855 1360 1000 1407 suerit.
1027 1362 1111 1407 Hic
1136 1362 1247 1408 forte
1266 1363 1417 1409 dicetis
1439 1380 1449 1407 τ

71 1432 156 1479 Sed
178 1431 459 1491 Evangelium
492 1432 623 1477 debet
642 1432 779 1492 legere
799 1436 888 1493 jam
916 1432 1072 1489 fidelis,
1101 1450 1154 1478 ne
1172 1434 1456 1480 obliviscatur

70 1503 189 1567 quod
214 1502 414 1549 credidit.
443 1502 513 1548 Sic
534 1520 651 1563 ergo,
679 1504 836 1557 insani,
863 1503 992 1548 etiam
1015 1504 1335 1567 Prophetarum
1354 1523 1456 1551 vera

70 1573 332 1628 testimonia,
378 1590 432 1619 ne
470 1573 756 1619 obliviscatur
797 1591 929 1637 quare
969 1574 1203 1621 crediderit
1229 1594 1239 1621 ε
1265 1576 1384 1640 quod
1421 1576 1454 1622 si

70 1645 235 1691 oblitus
260 1643 409 1700 fuerit,
444 1644 621 1689 firmum
647 1643 766 1708 apud
791 1661 888 1689 eum
913 1661 1001 1689 non
1024 1646 1184 1707 poterit
1216 1664 1301 1691 esse
1335 1646 1453 1710 quod

70 1715 273 1762 credidit.
303 1716 390 1760 Aut
417 1715 617 1778 projicite
639 1719 731 1776 jam
752 1715 887 1761 libros
906 1715 1160 1772 Manichaei,
1185 1718 1347 1782 quibus
1370 1729 1453 1763 tes-

72 1788 190 1834 tibus
214 1784 460 1832 credidistis
482 1785 626 1831 lucem
649 1803 865 1850 pugnasse
888 1803 989 1831 cum
1019 1787 1205 1833 tenebris
1221 1826 1231 1844 ,
1260 1806 1359 1852 quae
1387 1789 1458 1835 lux

70 1859 162 1923 ipse
182 1859 300 1904 Deus
316 1867 432 1910 erat3
455 1867 497 1902 et
517 1867 564 1902 ut
582 1868 727 1920 posset
746 1857 879 1917 ligare
900 1856 972 1902 lux
993 1858 1208 1914 tenebras,
1230 1860 1352 1923 prius
1369 1877 1455 1905 esse

71 1929 213 1975 lucem
238 1945 262 1972 a
285 1926 474 1972 tenebris
500 1927 769 1984 devoratam,
808 1937 849 1972 et
878 1926 1073 1987 ligatam,
1100 1939 1141 1973 et
1161 1929 1453 1993 inquinatam,

72 2010 114 2046 et
140 1998 393 2046 dilaniatam
413 2014 423 2042 ε
443 2015 573 2061 quam
592 2014 669 2045 vos
689 1998 1002 2045 manducando
1023 2001 1239 2057 recreatis,
1259 2013 1300 2047 et
1323 2003 1458 2049 solvi—

75 2071 144 2128 tis,
176 2080 218 2116 et
243 2069 458 2133 purgatiS,
483 2079 523 2114 et
547 2070 723 2117 sanatis.
759 2081 808 2115 ut
831 2070 955 2115 vobis
979 2088 1141 2117 merces
1169 2074 1454 2131 retribuatur,

73 2160 127 2189 ne
145 2158 247 2187 cum
270 2140 344 2186 illa
376 2156 476 2203 quae
498 2140 675 2187 liberari
703 2159 791 2187 non
821 2143 1031 2205 potuerit,
1059 2143 1104 2188 in
1136 2143 1267 2204 globo
1292 2156 1454 2191 {eterno

74 2211 354 2259 damnemini.
386 2211 513 2257 Hanc
539 2210 745 2258 fabellam
764 2212 958 2276 quotidie
981 2224 1022 2259 et
1047 2215 1244 2261 moribus
1265 2226 1306 2261 et
1328 2217 1454 2262 voci—

75 2284 160 2329 bus
168 2282 351 2329 cantatis
366 2300 376 2327 :
396 2282 631 2328 curadhuc
645 2283 689 2328 in
700 2301 746 2329 ea
760 2283 1429 2348 quaeritistestimonialibrorum
1440 2325 1450 2344 ,

76 2365 127 2400 ut
155 2353 200 2399 in
231 2352 361 2398 rebus
394 2354 623 2417 superfluis
659 2364 701 2400 et
732 2355 1013 2402 conficiendis
1047 2356 1276 2403 codicibus
1306 2359 1455 2404 vestris

77 2425 215 2470 aliena
243 2424 486 2470 substantia
517 2435 816 2481 consumatur,
841 2436 883 2472 et
905 2427 986 2473 Dei
1008 2428 1138 2475 vestri
1160 2427 1290 2488 ligata
1308 2439 1456 2475 tenea-

76 2499 176 2543 tur?
194 2496 417 2542 Incendite
429 2514 576 2542 omnes
592 2496 684 2544 ilias
696 2498 989 2556 membranas,
1006 2499 1301 2563 elegantesque
1320 2511 1456 2547 tectu-

77 2585 144 2615 ras
166 2567 332 2614 decoris
354 2567 543 2631 pellibus
574 2568 829 2632 exquisitas,
859 2581 907 2617 ut
929 2589 1008 2618 nec
1042 2589 1105 2617 res
1134 2571 1352 2635 superflua
1381 2589 1458 2618 vos

126 2652 136 2674 ¹
152 2653 371 2689 Je1·em.xvu‚
396 2662 409 2682 1
420 2662 431 2682 1
443 2676 450 2684 .
