1795 3253
331 226 424 281 440
753 236 787 267 s,
831 234 1073 267 mensum
1112 235 1316 267 Ei‘lscom

329 302 472 362 gladio
493 299 717 362 utriusque
743 298 1005 345 Testamenti
1030 299 1120 344 acie
1143 298 1212 345 bis
1237 309 1364 345 acuto
1393 299 1708 345 interficiantur

329 388 476 417 omnes
494 408 504 425 ‚
527 370 601 434 qui
625 386 701 414 nos
727 387 749 414 a
775 369 864 414 Deo
890 381 1036 415 nostro
1058 369 1213 415 volunt
1231 380 1419 416 avertere
1439 407 1449 425 ‚
1478 368 1709 434 aliquodve

325 443 557 502 infringere
584 440 886 487 mandatorum
901 445 918 487 Ξ)
942 443 1058 487 Inter
1085 458 1192 504 quos
1218 442 1442 505 przeeipue
1474 442 1593 487 cadit
1618 441 1709 505 ipse

330 513 618 562 lilaniehaeus,
641 529 741 558 eum
763 516 852 573 ejus
872 530 990 559 error
1011 523 1165 558 asserta
1183 513 1307 572 Legis
1326 523 1368 558 et
1387 513 1709 577 Prophetarum

325 585 504 631 veritate
541 582 790 646 perimitur,
828 583 1011 629 volentis
1035 600 1111 628 nos
1141 594 1330 628 avertere
1353 601 1374 628 a
1401 584 1491 629 Deo
1524 594 1672 629 nostro
1692 620 1703 639 ‚

328 658 419 702 Deo
455 653 678 701 Abraham
710 664 751 699 et
787 654 908 700 Isaac
929 665 970 699 et
995 653 1164 709 Jacob,
1191 670 1320 716 quem
1359 652 1561 699 Christus
1584 670 1711 699 com-

326 725 533 779 1ne11dat3
554 735 596 769 et
620 723 802 769 volentis
837 723 1068 784 infringere
1100 723 1304 769 mandata
1333 724 1458 784 Legis
1478 762 1489 781 ,
1524 724 1569 770 in
1606 741 1716 788 quo-

325 814 422 842 rum
466 796 595 842 etiam
634 794 783 855 figuris
816 794 1043 840 Christum
1066 793 1387 858 prophetatum
1411 812 1498 841 esse
1530 812 1715 856 cognos-

325 868 477 915 cimus.

388 938 548 984 XXVI.
591 938 794 983 Jamvero
824 936 943 982 illam
972 935 1317 999 complexionem
1345 947 1498 983 utrum
1521 935 1716 982 obtusis—

323 1008 476 1054 simam
502 1027 555 1054 an
579 1007 1023 1053 fraudulentissimam
1055 1006 1198 1052 dicam
1218 1044 1227 1061 ‚
1266 1007 1439 1061 nesei03
1479 1017 1570 1053 erat
1598 1008 1713 1052 enim

326 1081 486 1125 Fausto
507 1080 730 1139 ingenium
755 1098 765 1125 :
792 1078 906 1125 unde
932 1079 1064 1138 magis
1091 1079 1283 1123 arbitror
1302 1095 1397 1123 eam
1420 1077 1627 1124 nebulam
1648 1078 1713 1123 in·-

321 1150 452 1209 jieere
478 1150 663 1195 voluisse
688 1150 831 1195 minus
863 1160 1027 1195 attento
1060 1149 1242 1203 lectori,
1270 1166 1403 1212 quam
1441 1166 1528 1194 non
1554 1148 1713 1194 vidisse

327 1219 444 1283 quod
467 1219 629 1272 dieam3
651 1220 710 1264 ait.
728 1221 841 1264 enim
870 1238 879 1264 ε
906 1219 1072 1276 «Quod
1098 1220 1128 1264 si
1149 1220 1247 1265 inec
1268 1219 1320 1265 de
1341 1219 1516 1265 Christo
1536 1219 1713 1265 minime

324 1292 526 1354 scripsit.
554 1301 628 1336 aut
657 1291 737 1337 alia
766 1291 952 1347 dabitis,
993 1302 1065 1336 aut
1092 1291 1211 1336 nulla
1243 1302 1383 1337 erunt.
1414 1314 1434 1333 »
1470 1292 1577 1336 Haec
1602 1307 1710 1354 pro-

324 1361 481 1424 positio
506 1378 604 1406 vera
629 1375 689 1405 est
720 1379 730 1405 ε
759 1361 831 1406 sed
865 1378 1132 1424 consequens
1162 1372 1278 1417 erat,
1316 1372 1362 1406 ut
1395 1361 1640 1407 ostenderet
1670 1371 1712 1406 et

324 1431 423 1477 herc
440 1432 493 1477 de
509 1431 686 1476 Christo
706 1431 883 1476 minime
899 1432 1059 1496 scripta
1077 1449 1179 1485 esse,
1200 1442 1241 1476 et
1257 1431 1337 1477 alia
1353 1431 1446 1478 dari
1463 1450 1551 1478 non
1567 1448 1703 1495 posse.

326 1501 448 1547 nihil
474 1512 618 1547 autem
643 1501 796 1547 horem
824 1501 926 1548 seeit
955 1520 965 1547 :
993 1502 1095 1565 quia
1119 1512 1160 1547 et
1192 1501 1290 1548 haec
1324 1520 1401 1548 nos
1424 1501 1707 1558 ostendimus,

323 1572 544 1635 quomodo
585 1571 639 1617 de
682 1572 859 1618 Christo
903 1573 1045 1636 accipi
1088 1572 1282 1635 possint3
1317 1584 1359 1619 et
1396 1573 1593 1637 superius
1627 1572 1710 1618 alia

322 1643 458 1688 inulta
487 1642 686 1688 dedimus
703 1681 713 1698 ‚
741 1660 842 1706 quae
868 1644 948 1688 nisi
973 1643 1026 1688 de
1052 1643 1228 1689 Christo
1255 1644 1524 1690 intellectum
1549 1643 1709 1689 habere

323 1712 609 1775 nonpossint.
642 1713 741 1756 Non
762 1723 824 1757 est
850 1729 949 1772 ergo
975 1729 1054 1757 cur
1079 1713 1316 1758 concludas
1336 1751 1347 1769 ‚
1378 1714 1550 1769 Fauste,
1587 1712 1708 1759 nulla

320 1804 405 1831 esse
421 1806 442 1832 a
462 1786 610 1847 Moyse
628 1784 790 1847 scripta
809 1783 862 1829 de
883 1784 1073 1831 Christo.
1099 1785 1283 1830 Attende
1296 1786 1411 1831 enim
1430 1786 1539 1850 quid
1558 1786 1703 1832 dicas:

321 1878 340 1897 «
362 1855 494 1912 Quod
518 1857 551 1900 si
572 1855 669 1900 haee
688 1892 698 1910 ,
721 1855 866 1918 inquis
885 1892 895 1911 ‚
920 1854 1097 1900 minime
1116 1854 1168 1900 de
1197 1857 1375 1902 Christo
1394 1857 1568 1921 scripsit
1591 1893 1602 1913 ‚
1632 1867 1707 1902 aut

324 1926 405 1972 alia
422 1925 582 1972 dabitis
598 1963 608 1981 ,
633 1936 707 1970 aut
727 1925 848 1971 nulla
863 1935 1004 1972 erunt.
1024 1925 1208 1971 »Verum
1230 1925 1352 1973 dieis.
1375 1927 1581 1977 Proinde,
1603 1926 1707 1990 quia

322 2009 363 2043 et
388 1998 486 2043 hcet:
507 1996 561 2042 de
589 1996 764 2042 Christo
781 2034 792 2053 ‚
813 1997 881 2043 vel
905 2007 1086 2060 propter
1109 1995 1337 2041 Christum
1358 1997 1522 2061 scripta
1546 1996 1705 2042 docui-

321 2087 416 2114 mus
436 2106 446 2124 ,
478 2079 519 2114 et
549 2067 632 2114 alia
660 2067 797 2113 multa
822 2067 1047 2123 dedimus,
1088 2068 1405 2127 argumentatio
1446 2078 1521 2114 tua
1557 2067 1704 2131 potius

320 2139 442 2186 nulla
467 2140 560 2185 erit.
586 2139 641 2183 Et
657 2139 755 2184 haec
769 2137 948 2202 quidem
972 2154 1073 2201 quae
1097 2137 1473 2195 commemorasti,
1504 2137 1703 2202 quamvis

319 2227 408 2256 non
438 2209 706 2266 obtinueris,
749 2209 896 2254 saltem
941 2219 1122 2254 conatus
1156 2225 1198 2253 es
1236 2209 1458 2253 ostendere
1494 2225 1583 2254 non
1616 2223 1702 2254 esse

319 2281 482 2344 scripta
509 2280 562 2326 de
587 2280 778 2326 Christo.
824 2277 958 2336 Quod
983 2289 1125 2325 autem
1160 2278 1392 2324 subdidisti
1417 2295 1427 2323 ε
1457 2299 1476 2319 «
1498 2281 1585 2324 Aut
1619 2277 1700 2324 alia

319 2351 503 2407 dabitis,
535 2361 610 2396 aut.
631 2349 751 2396 nulla
782 2360 908 2396 erunt
932 2367 942 2394 :
967 2370 987 2391 >2
1014 2350 1138 2414 prius
1161 2348 1456 2394 demonstrare
1479 2348 1696 2405 debuisti,

320 2422 401 2468 alia
426 2439 502 2467 nos
524 2420 628 2467 dare
648 2439 736 2468 non
755 2438 878 2486 posse
896 2458 906 2476 ‚
945 2431 993 2466 ut
1019 2437 1192 2467 securus
1223 2419 1398 2466 inferres
1413 2457 1423 2476 ,
1447 2419 1566 2466 nulla
1591 2436 1691 2467 esse.

319 2494 448 2540 Nune
466 2510 566 2540 vero
582 2504 790 2557 tanquam
809 2491 984 2538 libellus
1006 2502 1108 2538 tuus
1126 2490 1278 2538 surdos
1293 2490 1510 2537 auditores
1530 2490 1598 2538 vel
1615 2507 1699 2536 cae-

317 2581 391 2611 cos
424 2563 602 2612 lectores
625 2575 733 2612 esset
764 2563 998 2611 habiturus
1018 2600 1031 2621 ,
1064 2574 1115 2611 ut
1143 2562 1290 2612 nullus
1319 2562 1560 2611 adverteret
1586 2561 1696 2627 quid
