1795 3253
299 243 477 276 CONTRA
509 241 711 273 FAUSTUM
745 240 1051 285 MANICHAEUM,
1091 243 1178 275 LIB.
1219 245 1281 275 XI.
1398 230 1490 295 307

111 308 230 356 Illud
263 309 378 356 enim
412 309 581 355 dietum
620 318 682 353 est
716 305 954 352 secundum
989 308 1128 371 ipsam
1169 310 1483 368 substantiam,

112 397 212 443 quae
239 379 367 426 etiam
394 390 499 426 tunc
533 379 638 435 erit,
669 377 772 441 quia
802 376 896 440 ipsa
931 378 1208 424 mutabitur:
1230 380 1316 426 hoc
1349 392 1493 427 autem

111 451 280 497 dictum
305 461 366 497 est
396 449 636 496 secundum
666 447 881 494 carnalem
913 450 1208 512 corruptionis
1237 451 1494 513 qualitatem

112 538 211 585 quae
238 532 341 566 tunc
363 524 455 581 jam
479 538 568 566 non
592 519 689 575 erit,
717 518 820 582 quia
844 529 1010 563 mutata
1040 537 1139 565 caro
1173 538 1260 566 non
1291 539 1493 568 corrum-

110 602 252 655 petur.
286 593 554 637 Noveramus
578 607 678 650 ergo
707 588 932 635 Christum
957 590 1197 636 secundum
1227 608 1417 648 carnem,
1445 593 1493 639 id

110 672 188 717 est,
209 661 448 708 secundum
467 662 608 707 carnis
627 659 932 706 mortalitatem
966 671 1199 724 antequam
1219 674 1457 722 resurgeret
1475 681 1486 708 ι

112 731 185 778 sed
202 748 321 777 nunc
334 736 424 792 jam
449 749 537 777 non
557 731 773 787 novimus,
790 729 939 786 «Quia
958 730 1070 776 sicut
1088 731 1204 776 idem
1223 732 1331 778 dicit
1359 735 1498 796 Apos-

114 824 135 844 >›
160 802 293 858 tolus,
326 802 530 848 Christus
554 818 778 861 resurgens
803 818 827 846 a
850 801 1031 845 mortuis
1061 805 1153 861 jam
1176 819 1265 847 non
1287 804 1490 861 moritur,

114 895 134 915 »
157 883 199 918 et
218 890 334 918 mors
356 873 395 919 ei
418 873 531 919 ultra
554 891 643 918 nou
662 870 1011 918 domi11abitur1.
1038 893 1058 912 »

179 945 292 990 Nam
332 944 367 989 si
400 954 442 989 te
477 943 531 989 ad
567 944 804 989 verborum
836 941 1148 1004 proprietatem
1180 952 1350 998 teneas,
1377 961 1497 990 men·

115 1014 217 1059 titus
248 1024 310 1059 est
343 1030 444 1059 eum
481 1014 539 1059 ait
574 1031 584 1058 :
628 1035 647 1055 «
685 1014 953 1059 Noveramus
993 1011 1220 1057 Christum
1255 1014 1496 1060 seeundum

115 1106 133 1125 ›>
155 1101 326 1130 carnem
340 1121 351 1140 ‚
369 1105 389 1125 ›>
407 1084 440 1129 si
459 1083 661 1129 Christus
682 1099 907 1145 nunquam
921 1081 1005 1127 fuit
1027 1082 1265 1128 secundum
1285 1101 1460 1130 carnem
1482 1102 1493 1130 :

114 1170 241 1199 nemo
265 1154 379 1199 enim
403 1163 582 1199 noverat
612 1152 732 1216 quod
768 1169 856 1197 non
892 1162 996 1199 erat.
1036 1153 1135 1198 Non
1173 1164 1315 1199 autem
1351 1155 1458 1201 dixit
1481 1174 1491 1200 :

114 1222 387 1269 Putabamus
427 1223 656 1269 Christum
688 1222 926 1268 secundum
953 1240 1151 1279 earnem,
1180 1224 1279 1280 sed,
1313 1243 1498 1272 nox-era-

116 1310 224 1340 mus.
248 1293 558 1340 Verumtamen
584 1303 633 1339 ut
653 1293 788 1338 verbo
809 1309 897 1337 non
915 1310 1112 1355 premam
1131 1331 1142 1349 ,
1181 1311 1232 1339 ne
1251 1295 1347 1358 quis
1377 1296 1496 1342 affir-

114 1375 201 1410 met
217 1381 298 1428 per
320 1365 574 1411 abusionem
601 1364 799 1410 locutum
819 1363 1078 1427 Apostolum
1093 1401 1103 1420 ,
1127 1375 1173 1410 ut
1193 1382 1274 1428 pro
1297 1384 1346 1411 eo
1370 1368 1491 1430 quod

114 1445 199 1491 est‚
224 1435 491 1498 putabamus
509 1474 521 1493 ‚
555 1435 749 1492 diceret,
787 1452 1045 1481 noveramus
1070 1453 1080 1480 ε
1109 1435 1220 1481 illud
1244 1437 1378 1483 miror
1407 1456 1497 1485 non

115 1506 333 1552 attendere
359 1506 559 1552 homines
583 1523 721 1552 caecos
737 1543 747 1562 ‚
775 1505 844 1551 vel
874 1506 1022 1568 potius
1045 1523 1134 1551 non
1164 1507 1296 1553 miror
1317 1525 1406 1554 non
1423 1510 1495 1555 vi--

115 1576 216 1622 dere
249 1594 412 1634 eaeeos,
442 1577 544 1640 quia
577 1577 611 1622 si
637 1576 839 1621 Christus
871 1576 968 1622 ideo
1003 1593 1091 1621 non
1111 1576 1492 1637 habustcarmm,

115 1647 218 1711 quia
250 1647 357 1693 dixit
398 1647 633 1711 Apostolus
652 1684 662 1703 ,
687 1664 806 1692 nune
826 1650 918 1706 jam
944 1664 1032 1692 non
1058 1664 1100 1692 se
1122 1665 1243 1694 nosse
1265 1650 1493 1697 Christum

115 1717 354 1764 seeundum
379 1718 581 1764 carnem2
599 1737 610 1771 ;
632 1734 713 1762 nee
735 1717 799 1762 illi
814 1716 1068 1762 habuerunt
1091 1734 1264 1764 carnem
1282 1757 1294 1776 ,
1322 1720 1375 1765 de
1396 1722 1494 1784 qui-

114 1788 198 1833 bus
218 1788 264 1834 in
287 1789 438 1834 eodem
462 1789 560 1835 loco
585 1788 693 1834 dicit
721 1806 731 1833 :
756 1809 776 1829 «
794 1789 947 1850 Itaque
972 1806 1049 1834 nos
1074 1806 1095 1833 a
1120 1789 1251 1835 modo
1277 1792 1492 1838 neminem

116 1880 135 1900 ›>
149 1859 352 1905 novimus
365 1859 605 1906 seeundum
617 1876 805 1905 carnem.
817 1880 836 1900 >2
853 1860 1004 1922 Neque
1015 1859 1127 1904 enim
1141 1859 1193 1904 de
1207 1860 1296 1906 solo
1313 1861 1490 1908 Christo

112 1928 159 1974 id
175 1929 321 1975 volens
335 1930 535 1990 intelligi,
556 1940 701 1993 posset
718 1929 860 1974 dicere
885 1946 895 1973 ι
923 1951 942 1971 α
961 1929 1187 1974 Neminem
1204 1931 1403 1978 novimus
1422 1950 1489 1979 se-

115 2000 136 2041 i>
150 1999 266 2044 eund
273 2016 345 2044 um
358 2017 530 2046 carnem
546 2017 556 2045 ε
574 2020 594 2041 >>
606 1999 679 2045 sed
690 1999 791 2062 quia
801 1998 975 2044 illorum
993 2016 1139 2045 secum
1151 2000 1282 2047 vitam
1294 2001 1488 2049 futuram

114 2080 322 2133 tanquam
350 2081 613 2134 praesentem
632 2070 926 2116 meditabatur
941 2108 951 2127 ‚
976 2070 1051 2133 qui
1079 2083 1344 2132 resurgentes
1364 2091 1489 2119 com-

113 2140 432 2186 mutabuntur:
453 2142 521 2187 «A
535 2140 687 2197 modo,
706 2140 867 2204 inquit,
888 2141 1103 2186 neminem
1123 2142 1322 2189 novimus
1343 2161 1497 2207 secun-¹

116 2231 136 2251 ›>
156 2209 261 2256 dum
285 2228 475 2268 carnem,
491 2211 568 2257 »id
591 2222 669 2267 est,
686 2222 775 2256 tam
793 2221 954 2256 certam
974 2227 1096 2275 spem
1118 2222 1310 2259 tenemus
1325 2213 1488 2261 futurae

115 2290 272 2326 nostrae
294 2280 632 2345 incorruptionis
651 2291 692 2327 et
713 2281 1005 2327 immortalitis
1022 2319 1032 2337 ,
1061 2293 1110 2327 ut
1137 2301 1158 2328 a
1182 2283 1313 2330 modo
1331 2289 1424 2345 jam
1442 2286 1488 2331 in

115 2349 209 2413 ipsa
231 2351 383 2398 notitia
407 2353 682 2413 gaudeamus.
708 2352 833 2398 Unde
852 2351 934 2398 alio
953 2351 1050 2397 loco
1070 2352 1179 2400 dicit
1200 2372 1211 2399 ε
1239 2377 1257 2398 «
1280 2356 1325 2401 Si
1346 2366 1488 2402 autem

117 2441 138 2462 »
154 2423 436 2469 resurrexistis
464 2440 566 2469 cum
594 2423 768 2469 Christo
784 2460 795 2480 ,
823 2440 922 2487 quae
957 2424 1126 2469 sursum
1153 2437 1253 2471 sunt
1278 2427 1458 2489 quaerite
1476 2464 1488 2484 ,

118 2512 139 2533 »
156 2491 236 2537 ubi
262 2492 462 2540 Christus
483 2504 547 2541 est
570 2494 625 2540 ad
653 2494 871 2540 dexteram
896 2493 977 2540 Dei
999 2494 1147 2543 sedens
1167 2513 1178 2541 ε
1198 2513 1298 2560 quae
1321 2514 1492 2545 sursum

166 2573 177 2596 ¹
197 2576 292 2609 Rom.
309 2586 354 2617 V1,
369 2587 404 2619 9.
423 2575 493 2601 -2
507 2583 527 2615 4
540 2578 620 2612 Cor.
636 2587 668 2622 v,
684 2577 737 2609 16.

1285 2653 1359 2685 20.
