1795 3253
129 305 307 338 CONTRA
342 302 612 337 ADIMANTUM
645 301 884 335 MANICHAEI
920 300 1142 333 DISCIPUL.
1185 302 1275 334 LIB.
1315 301 1346 333 Ι.
1417 301 1502 349 107

129 371 245 419 Huic
260 386 406 416 rursus
423 370 520 416 loco
539 369 775 416 Manichaei
796 367 1119 414 calumniantur
1133 405 1144 424 ,
1169 367 1361 414 dicentes
1393 383 1504 413 con—

128 453 193 488 tra
207 443 381 488 Novum
398 442 720 486 Testamentum
743 456 828 485 esse
847 439 975 487 istam
995 439 1267 494 sententiam,
1285 456 1372 502 qua
1387 438 1502 483 Deus

126 511 333 558 scribitur
375 521 416 556 et
462 511 665 556 formasse
706 509 955 563 mulierem,
994 519 1036 553 et
1077 509 1169 554 viro
1207 508 1500 567 conjunxisse:

126 592 372 646 propterea,
390 582 492 645 quia
508 583 553 627 in
568 579 801 641 Evangelio
819 579 926 625 dicit
946 579 1158 625 Dominus
1176 597 1186 624 :
1215 600 1235 619 «
1256 579 1411 624 Omnis
1425 578 1500 641 qui

127 674 150 695 »
175 653 399 716 reliquerit
419 652 617 708 domum,
648 661 722 698 aut
738 667 932 706 uxorem,
961 661 1033 696 aut
1069 660 1267 713 parentes
1283 686 1293 704 ‚
1319 659 1393 694 aut
1410 648 1505 693 fra-

128 746 149 767 »
173 736 273 782 tres,
299 734 373 770 aut
389 725 500 776 filios
518 735 699 788 propter
716 739 898 783 regnum
934 723 1148 769 coelorum
1163 760 1174 779 ,
1213 721 1371 768 centies
1404 731 1504 766 tan-

128 816 148 837 »
172 806 266 841 tum
291 795 475 858 accipiet
499 795 542 840 in
566 795 653 841 hoc
670 805 882 858 tempore,
907 804 948 840 et
974 793 1019 839 in
1037 793 1185 839 futuro
1208 792 1366 838 saeculo
1396 808 1503 855 pos-

128 887 149 907 »
173 865 331 911 sidebit
350 865 483 911 vitam
503 875 709 910 aeternam
735 863 769 910 1.
802 886 822 906 »
848 864 902 909 In
929 880 1016 927 qua
1045 861 1262 908 calumnia
1284 862 1420 907 miror
1435 878 1505 906 eos

126 936 187 982 sic
205 953 290 981 esse
313 945 516 990 caecatos‚
537 935 605 980 vel
625 935 770 998 potius
792 951 881 979 non
897 934 1031 979 miror
1051 951 1062 978 :
1087 955 1107 974 α
1126 932 1372 978 Excaecavit
1392 931 1507 976 enim

127 1027 154 1047 υ.
166 1005 281 1063 illos,
324 1007 436 1052 sicut
459 1006 674 1069 scriptum
715 1015 801 1061 est,
843 1004 1008 1050 malitia
1031 1021 1181 1049 eorum
1205 1003 1239 1049 2.
1265 1023 1293 1066 »1
1327 1001 1411 1047 Sed
1436 1012 1505 1047 ta-

126 1094 227 1122 men
242 1076 338 1140 qujs
361 1093 449 1121 non
463 1076 581 1121 videt
605 1086 724 1121 tanti
757 1075 803 1120 in
829 1077 953 1121 Noto
983 1075 1260 1120 Testamento
1283 1082 1507 1136 praecepta

122 1146 176 1192 de
194 1163 324 1192 uxore
340 1145 590 1206 diligenda?
605 1147 695 1192 Cur
717 1146 832 1191 enim
859 1146 1006 1208 potius
1024 1145 1156 1190 Vetus
1176 1146 1502 1189 Testamentum

126 1204 281 1262 dicunt
301 1215 516 1262 adversari
533 1216 639 1262 huic
665 1216 885 1261 sentcntiae
913 1215 1103 1263 Domini
1134 1232 1221 1278 qua
1243 1214 1351 1260 dicit
1370 1213 1504 1259 relin-

125 1286 344 1351 quendam
372 1303 459 1332 esse
481 1303 654 1332 uxorem
678 1296 860 1349 propter
879 1303 1060 1346 regnum
1097 1285 1328 1341 coelorum,
1356 1294 1397 1329 et
1420 1301 1507 1328 non

123 1357 272 1420 ipsum
291 1373 457 1402 novum
489 1356 573 1402 sibi
595 1355 840 1402 adversari?
870 1355 1002 1412 Quod
1025 1355 1142 1401 nefas
1165 1365 1225 1400 est
1240 1354 1395 1400 dicere.
1429 1354 1508 1398 In-

125 1425 355 1487 telligenda
377 1426 491 1471 enim
513 1436 632 1482 sunt,
655 1442 744 1471 non
768 1436 924 1470 temere
946 1425 1209 1482 accusanda,
1236 1441 1337 1488 quae
1354 1424 1499 1487 impe-

125 1497 220 1543 ritis
238 1496 445 1544 videntur
472 1513 558 1541 esse
583 1496 813 1543 contraria.

191 1566 304 1611 Nam
319 1575 361 1610 et
383 1566 596 1610 Dominus
613 1566 900 1625 interrogatus
924 1583 945 1610 a
960 1565 1143 1622 Judaeis,
1171 1576 1317 1611 utrum
1343 1564 1381 1609 ei
1404 1563 1504 1627 pla-

126 1645 242 1681 ceret
270 1635 372 1681 dato
402 1634 551 1680 libello
577 1635 752 1698 repudii
788 1635 1005 1680 dimittere
1043 1653 1236 1690 uxorem,
1284 1633 1508 1697 respondit

125 1706 184 1752 eis
213 1705 363 1751 dicens
387 1722 398 1750 ε
429 1725 450 1745 α
472 1704 573 1749 Νο11
594 1705 754 1764 legistis
789 1705 997 1768 quoniam
1026 1706 1103 1768 qui
1135 1705 1239 1750 fecit
1277 1705 1331 1749 ab
1350 1703 1474 1749 initio
1494 1740 1505 1759 ‚

125 1796 148 1818 »
173 1775 419 1821 masculum
441 1785 484 1820 et
503 1774 731 1820 foeminam
759 1773 861 1821 fecit
884 1792 972 1831 eos,
1001 1786 1043 1821 et
1062 1775 1167 1822 dtxit
1185 1793 1196 1821 ε
1216 1775 1403 1838 Propter
1420 1774 1508 1819 hoc

125 1863 148 1886 »
167 1844 384 1908 relinquet
400 1843 535 1889 homo
558 1855 728 1907 patrem
754 1855 796 1889 et
822 1855 1022 1900 matrem,
1050 1856 1092 1890 et
1120 1845 1368 1891 adhaerebit
1385 1842 1506 1889 uxori

125 1935 148 1956 »
171 1931 278 1971 suae,
300 1924 342 1960 et
357 1924 485 1960 erunt
503 1913 591 1959 duo
608 1914 655 1959 111
679 1932 809 1960 carne
843 1918 962 1960 una'?
988 1917 1142 1978 ltaque
1174 1920 1265 1975 J‘am
1295 1931 1384 1960 non
1409 1923 1510 1959 sunt

125 2005 148 2026 »
171 1983 280 2040 duo,
303 1983 377 2029 sed
397 2001 484 2030 11113
501 2000 616 2029 caro.
640 1983 772 2039 Quod
785 2001 884 2043 ergo
907 1986 1262 2046 Deusconjumit
1277 1985 1324 2030 in
1348 2000 1504 2040 unum,

125 2075 147 2097 »
168 2054 303 2100 homo
321 2070 412 2099 non
425 2064 607 2116 separet.
634 2054 800 2100 Dicunt
812 2054 878 2100 illi
899 2072 909 2099 :
936 2055 1057 2112 Quid
1075 2072 1174 2115 ergo
1196 2056 1365 2118 Moyses
1389 2071 1511 2099 man-

125 2146 148 2167 »
172 2124 294 2171 davit
317 2123 413 2190 (lari
448 2123 649 2169 libellum
679 2124 883 2188 repudii,
917 2135 969 2173 et,
987 2125 1232 2173 dimittere?
1264 2125 1384 2171 Dicit
1423 2124 1508 2170 illis

125 2215 148 2237 »
172 2193 322 2240 Jesus:
350 2193 465 2249 Quia
497 2192 552 2238 ad
588 2193 795 2240 duritiam
833 2194 975 2241 cordis
1005 2196 1135 2242 vestri
1156 2195 1352 2260 permisit
1381 2194 1507 2241 vobis

125 2285 147 2306 »
172 2264 343 2327 Moyses
371 2262 588 2310 dimittere
611 2280 760 2310 uxores
784 2275 974 2322 vestras;
1012 2267 1067 2311 ab
1095 2266 1220 2313 initio
1250 2276 1393 2312 autem
1415 2281 1506 2310 non

126 2356 148 2377 »
171 2333 302 2380 fuit
271 2351 346 2380 Sic.
371 2334 483 2381 Dico
499 2344 642 2380 autem
657 2335 804 2382 vobis.
821 2335 1100 2401 Quicumque
1110 2337 1319 2383 dimiserit
1334 2352 1508 2382 uxorem

125 2425 148 2448 »
170 2416 310 2461 suam,
332 2404 417 2451 nisi
433 2405 491 2450 ob
516 2422 689 2451 causam
701 2406 1016 2463 fornicationis,
1033 2407 1139 2454 facit
1156 2426 1249 2454 eam
1267 2405 1496 2466 moechari.

126 2497 148 2518 »
172 2468 258 2541 Et
232 2492 337 2540 ipse
358 2474 394 2521 si
414 2475 592 2522 alteram
630 2477 818 2543 duxerit,
863 2466 1124 2552 adulterium
1164 2478 1397 2526 committit
1417 2478 1449 2525 3.
1480 2499 1501 2520 2>

173 2570 186 2593 ¹
216 2570 333 2602 Matth.
361 2580 432 2608 xrx,
462 2581 528 2611 ²93
556 2574 634 2607 Luc.
663 2582 762 2618 xu‚11
793 2584 852 2616 293
880 2575 983 2607 Marc.
1001 2585 1034 2615 x,
1062 2576 1115 2608 30.
1140 2573 1307 2619 ——2sap.
1324 2586 1361 2614 11,
1377 2585 1434 2609 21.
1459 2593 1501 2600 --

126 2621 142 2647 ³
165 2622 282 2658 Matth.
297 2634 327 2665 v,
347 2624 403 2664 32,
416 2629 448 2655 et
462 2634 533 2665 xxx,
551 2626 618 2667 3-9.
