<?xml version="1.0" encoding="UTF-8"?>
<!DOCTYPE html PUBLIC "-//W3C//DTD XHTML 1.0 Transitional//EN"
    "http://www.w3.org/TR/xhtml1/DTD/xhtml1-transitional.dtd">
<html xmlns="http://www.w3.org/1999/xhtml" xml:lang="en" lang="en">
 <head>
  <title>
</title>
<meta http-equiv="Content-Type" content="text/html;charset=utf-8" />
  <meta name='ocr-system' content='tesseract 3.04.00' />
  <meta name='ocr-capabilities' content='ocr_page ocr_carea ocr_par ocr_line ocrx_word'/>
</head>
<body>
  <div class='ocr_page' id='page_1' title='image "./operaomniaaccura28auguuoft/operaomniaaccura28auguuoft_0393.png"; bbox 0 0 1795 3253; ppageno 0'>
   <div class='ocr_carea' id='block_1_1' title="bbox 255 286 1471 337">
    <p class='ocr_par' dir='ltr' id='par_1_1' title="bbox 255 286 1471 337">
     <span class='ocr_line' id='line_1_1' title="bbox 255 286 1471 337; baseline 0.005 -9"><span class='ocrx_word' id='word_1_1' title='bbox 255 295 431 328; x_wconf 77' lang='lat' dir='ltr'><strong>CONTRA</strong></span> <span class='ocrx_word' id='word_1_2' title='bbox 465 294 670 326; x_wconf 74' lang='lat' dir='ltr'>FArsrmr</span> <span class='ocrx_word' id='word_1_3' title='bbox 703 293 1007 337; x_wconf 55' lang='lat' dir='ltr'>immensa-ir,</span> <span class='ocrx_word' id='word_1_4' title='bbox 1047 296 1133 328; x_wconf 76' lang='lat' dir='ltr'>mn.</span> <span class='ocrx_word' id='word_1_5' title='bbox 1175 299 1269 330; x_wconf 83' lang='lat' dir='ltr'>xiv.</span> <span class='ocrx_word' id='word_1_6' title='bbox 1378 286 1471 333; x_wconf 82' lang='lat'>383</span> 
     </span>
    </p>
   </div>
   <div class='ocr_carea' id='block_1_2' title="bbox 90 361 1487 2128">
    <p class='ocr_par' dir='ltr' id='par_1_2' title="bbox 90 361 1483 1696">
     <span class='ocr_line' id='line_1_2' title="bbox 91 361 1474 425; baseline 0.004 -16"><span class='ocrx_word' id='word_1_7' title='bbox 91 362 272 409; x_wconf 87' lang='lat' dir='ltr'>tationes</span> <span class='ocrx_word' id='word_1_8' title='bbox 290 366 380 422; x_wconf 80' lang='lat' dir='ltr'>eJ&#39;us</span> <span class='ocrx_word' id='word_1_9' title='bbox 399 361 613 408; x_wconf 85' lang='lat' dir='ltr'>aestimare</span> <span class='ocrx_word' id='word_1_10' title='bbox 638 361 866 416; x_wconf 79' lang='lat' dir='ltr'>(lebemUS‚</span> <span class='ocrx_word' id='word_1_11' title='bbox 886 362 1039 425; x_wconf 89' lang='lat' dir='ltr'>quanti</span> <span class='ocrx_word' id='word_1_12' title='bbox 1065 374 1167 409; x_wconf 89' lang='lat' dir='ltr'>sunt</span> <span class='ocrx_word' id='word_1_13' title='bbox 1189 367 1474 414; x_wconf 84' lang='lat' dir='ltr'>stomachan-</span> 
     </span>
     <span class='ocr_line' id='line_1_3' title="bbox 90 432 1474 499; baseline 0.004 -19"><span class='ocrx_word' id='word_1_14' title='bbox 90 434 200 480; x_wconf 86' lang='lat' dir='ltr'>tium</span> <span class='ocrx_word' id='word_1_15' title='bbox 217 433 473 479; x_wconf 86' lang='lat' dir='ltr'>vetularum.</span> <span class='ocrx_word' id='word_1_16' title='bbox 500 432 571 478; x_wconf 88' lang='lat' dir='ltr'>Sic</span> <span class='ocrx_word' id='word_1_17' title='bbox 591 432 704 478; x_wconf 90' lang='lat' dir='ltr'>enim</span> <span class='ocrx_word' id='word_1_18' title='bbox 726 442 768 477; x_wconf 86' lang='lat' dir='ltr'>et</span> <span class='ocrx_word' id='word_1_19' title='bbox 786 432 866 478; x_wconf 91' lang='lat' dir='ltr'>Dei</span> <span class='ocrx_word' id='word_1_20' title='bbox 884 449 1030 478; x_wconf 88' lang='lat' dir='ltr'>omnes</span> <span class='ocrx_word' id='word_1_21' title='bbox 1046 451 1203 497; x_wconf 87' lang='lat' dir='ltr'>pueros</span> <span class='ocrx_word' id='word_1_22' title='bbox 1225 454 1273 482; x_wconf 79' lang='lat' dir='ltr'>ac</span> <span class='ocrx_word' id='word_1_23' title='bbox 1291 438 1474 499; x_wconf 77' lang='lat' dir='ltr'>virgines</span> 
     </span>
     <span class='ocr_line' id='line_1_4' title="bbox 90 502 1474 570; baseline 0.004 -20"><span class='ocrx_word' id='word_1_24' title='bbox 90 505 188 570; x_wconf 86' lang='lat' dir='ltr'>pari</span> <span class='ocrx_word' id='word_1_25' title='bbox 227 503 502 550; x_wconf 88' lang='lat' dir='ltr'>devotatione</span> <span class='ocrx_word' id='word_1_26' title='bbox 543 502 823 568; x_wconf 83' lang='lat' dir='ltr'>prosequitur</span> <span class='ocrx_word' id='word_1_27' title='bbox 865 502 1012 548; x_wconf 86' lang='lat' dir='ltr'>dicens</span> <span class='ocrx_word' id='word_1_28' title='bbox 1055 504 1336 554; x_wconf 82' lang='lat' dir='ltr'>maledictum</span> <span class='ocrx_word' id='word_1_29' title='bbox 1387 526 1474 555; x_wconf 91' lang='lat' dir='ltr'>esse</span> 
     </span>
     <span class='ocr_line' id='line_1_5' title="bbox 92 573 1477 696; baseline 0 -75"><span class='ocrx_word' id='word_1_30' title='bbox 92 592 281 632; x_wconf 80' lang='lat' dir='ltr'>omnem,</span> <span class='ocrx_word' id='word_1_31' title='bbox 317 574 394 638; x_wconf 89' lang='lat' dir='ltr'>qui</span> <span class='ocrx_word' id='word_1_32' title='bbox 428 591 515 620; x_wconf 89' lang='lat' dir='ltr'>non</span> <span class='ocrx_word' id='word_1_33' title='bbox 553 573 823 620; x_wconf 84' lang='lat' dir='ltr'>suscitaverit</span> <span class='ocrx_word' id='word_1_34' title='bbox 861 591 1005 619; x_wconf 88' lang='lat' dir='ltr'>semen</span> <span class='ocrx_word' id='word_1_35' title='bbox 1039 575 1084 620; x_wconf 89' lang='lat' dir='ltr'>in</span> <span class='ocrx_word' id='word_1_36' title='bbox 1120 577 1181 622; x_wconf 79' lang='lat' dir='ltr'>Isi</span> <span class='ocrx_word' id='word_1_37' title='bbox 1186 577 1299 625; x_wconf 63' lang='lat' dir='ltr'>rell.</span> <span class='ocrx_word' id='word_1_38' title='bbox 1341 580 1477 696; x_wconf 84' lang='lat' dir='ltr'>Quodi</span> 
     </span>
     <span class='ocr_line' id='line_1_6' title="bbox 93 643 1375 710; baseline 0.002 -18"><span class='ocrx_word' id='word_1_39' title='bbox 93 663 216 710; x_wconf 86' lang='lat' dir='ltr'>aeque</span> <span class='ocrx_word' id='word_1_40' title='bbox 239 645 487 692; x_wconf 88' lang='lat' dir='ltr'>convicium</span> <span class='ocrx_word' id='word_1_41' title='bbox 510 643 816 708; x_wconf 84' lang='lat' dir='ltr'>principaliter</span> <span class='ocrx_word' id='word_1_42' title='bbox 843 644 1021 708; x_wconf 88' lang='lat' dir='ltr'>quidem</span> <span class='ocrx_word' id='word_1_43' title='bbox 1045 646 1193 692; x_wconf 86' lang='lat' dir='ltr'>Jesum</span> <span class='ocrx_word' id='word_1_44' title='bbox 1221 650 1375 710; x_wconf 79' lang='lat' dir='ltr'>tangit,</span> 
     </span>
     <span class='ocr_line' id='line_1_7' title="bbox 94 714 1478 779; baseline 0.004 -17"><span class='ocrx_word' id='word_1_45' title='bbox 94 727 212 762; x_wconf 89' lang='lat' dir='ltr'>ortus</span> <span class='ocrx_word' id='word_1_46' title='bbox 238 726 279 762; x_wconf 90' lang='lat' dir='ltr'>et</span> <span class='ocrx_word' id='word_1_47' title='bbox 300 715 409 779; x_wconf 83' lang='lat' dir='ltr'>ipse,</span> <span class='ocrx_word' id='word_1_48' title='bbox 442 726 491 760; x_wconf 92' lang='lat' dir='ltr'>ut</span> <span class='ocrx_word' id='word_1_49' title='bbox 523 715 685 770; x_wconf 85' lang='lat' dir='ltr'>dicitis,</span> <span class='ocrx_word' id='word_1_50' title='bbox 718 731 766 760; x_wconf 82' lang='lat' dir='ltr'>ex</span> <span class='ocrx_word' id='word_1_51' title='bbox 789 714 974 771; x_wconf 76' lang='lat' dir='ltr'>Judaeis‚</span> <span class='ocrx_word' id='word_1_52' title='bbox 1010 715 1176 762; x_wconf 87' lang='lat' dir='ltr'>nullam</span> <span class='ocrx_word' id='word_1_53' title='bbox 1200 728 1343 765; x_wconf 85' lang='lat' dir='ltr'>tamen</span> <span class='ocrx_word' id='word_1_54' title='bbox 1366 721 1478 766; x_wconf 82' lang='lat' dir='ltr'>intel</span> 
     </span>
     <span class='ocr_line' id='line_1_8' title="bbox 92 785 1478 849; baseline 0.004 -16"><span class='ocrx_word' id='word_1_55' title='bbox 92 804 163 833; x_wconf 89' lang='lat' dir='ltr'>eos</span> <span class='ocrx_word' id='word_1_56' title='bbox 179 785 400 833; x_wconf 74' lang='lat' dir='ltr'>servandae</span> <span class='ocrx_word' id='word_1_57' title='bbox 416 785 680 849; x_wconf 78' lang='lat' dir='ltr'>posteritatis</span> <span class='ocrx_word' id='word_1_58' title='bbox 696 801 823 831; x_wconf 86' lang='lat' dir='ltr'>causa</span> <span class='ocrx_word' id='word_1_59' title='bbox 840 785 1033 831; x_wconf 85' lang='lat' dir='ltr'>sobolem</span> <span class='ocrx_word' id='word_1_60' title='bbox 1049 789 1286 837; x_wconf 73' lang='lat' dir='ltr'>suscitavit.</span> <span class='ocrx_word' id='word_1_61' title='bbox 1311 792 1478 838; x_wconf 79' lang='lat' dir='ltr'>Deinde</span> 
     </span>
     <span class='ocr_line' id='line_1_9' title="bbox 93 856 1480 921; baseline 0.004 -17"><span class='ocrx_word' id='word_1_62' title='bbox 93 869 135 904; x_wconf 90' lang='lat' dir='ltr'>et</span> <span class='ocrx_word' id='word_1_63' title='bbox 159 857 410 921; x_wconf 87' lang='lat' dir='ltr'>Discipulos</span> <span class='ocrx_word' id='word_1_64' title='bbox 436 860 545 917; x_wconf 78' lang='lat' dir='ltr'>ejus,</span> <span class='ocrx_word' id='word_1_65' title='bbox 577 873 766 920; x_wconf 89' lang='lat' dir='ltr'>quorum</span> <span class='ocrx_word' id='word_1_66' title='bbox 785 856 1017 902; x_wconf 87' lang='lat' dir='ltr'>nonnullos</span> <span class='ocrx_word' id='word_1_67' title='bbox 1043 858 1221 920; x_wconf 87' lang='lat' dir='ltr'>quidem</span> <span class='ocrx_word' id='word_1_68' title='bbox 1252 862 1307 907; x_wconf 88' lang='lat' dir='ltr'>ab</span> <span class='ocrx_word' id='word_1_69' title='bbox 1333 865 1480 909; x_wconf 78' lang='lat' dir='ltr'>uxori-</span> 
     </span>
     <span class='ocr_line' id='line_1_10' title="bbox 93 928 1481 993; baseline 0.004 -18"><span class='ocrx_word' id='word_1_70' title='bbox 93 929 178 975; x_wconf 86' lang='lat' dir='ltr'>bus</span> <span class='ocrx_word' id='word_1_71' title='bbox 204 929 403 989; x_wconf 82' lang='lat' dir='ltr'>sejunxit‚</span> <span class='ocrx_word' id='word_1_72' title='bbox 432 928 790 992; x_wconf 83' lang='lat' dir='ltr'>quoscopulatos</span> <span class='ocrx_word' id='word_1_73' title='bbox 813 928 1036 974; x_wconf 81' lang='lat' dir='ltr'>invenerat</span> <span class='ocrx_word' id='word_1_74' title='bbox 1056 946 1066 973; x_wconf 73' lang='grc' dir='ltr'>ε</span> <span class='ocrx_word' id='word_1_75' title='bbox 1085 930 1296 993; x_wconf 86' lang='lat' dir='ltr'>quosdam</span> <span class='ocrx_word' id='word_1_76' title='bbox 1317 951 1418 980; x_wconf 87' lang='lat' dir='ltr'>vero</span> <span class='ocrx_word' id='word_1_77' title='bbox 1439 946 1481 981; x_wconf 88' lang='lat' dir='ltr'>et</span> 
     </span>
     <span class='ocr_line' id='line_1_11' title="bbox 95 998 1480 1063; baseline 0.004 -18"><span class='ocrx_word' id='word_1_78' title='bbox 95 1000 304 1060; x_wconf 84' lang='lat' dir='ltr'>conjungi</span> <span class='ocrx_word' id='word_1_79' title='bbox 334 1001 490 1056; x_wconf 72' lang='lat' dir='ltr'>vetuit,</span> <span class='ocrx_word' id='word_1_80' title='bbox 525 1016 634 1063; x_wconf 81' lang='lat' dir='ltr'>quos</span> <span class='ocrx_word' id='word_1_81' title='bbox 668 998 958 1062; x_wconf 85' lang='lat' dir='ltr'>deprehendit</span> <span class='ocrx_word' id='word_1_82' title='bbox 990 1000 1188 1048; x_wconf 84' lang='lat' dir='ltr'>intactos.</span> <span class='ocrx_word' id='word_1_83' title='bbox 1221 1002 1321 1058; x_wconf 83' lang='lat' dir='ltr'>Qua</span> <span class='ocrx_word' id='word_1_84' title='bbox 1353 1004 1407 1050; x_wconf 89' lang='lat' dir='ltr'>de</span> <span class='ocrx_word' id='word_1_85' title='bbox 1437 1023 1480 1052; x_wconf 92' lang='lat' dir='ltr'>re</span> 
     </span>
     <span class='ocr_line' id='line_1_12' title="bbox 95 1071 1480 1135; baseline 0.004 -19"><span class='ocrx_word' id='word_1_86' title='bbox 95 1072 292 1134; x_wconf 74' lang='lat' dir='ltr'>Moyseos</span> <span class='ocrx_word' id='word_1_87' title='bbox 314 1071 577 1135; x_wconf 81' lang='lat' dir='ltr'>impunitam</span> <span class='ocrx_word' id='word_1_88' title='bbox 602 1071 719 1116; x_wconf 82' lang='lat' dir='ltr'>lianc</span> <span class='ocrx_word' id='word_1_89' title='bbox 737 1071 949 1131; x_wconf 82' lang='lat' dir='ltr'>linguam,</span> <span class='ocrx_word' id='word_1_90' title='bbox 974 1071 1306 1119; x_wconf 86' lang='lat' dir='ltr'>maledictorum</span> <span class='ocrx_word' id='word_1_91' title='bbox 1323 1076 1480 1135; x_wconf 87' lang='lat' dir='ltr'>jaculis</span> 
     </span>
     <span class='ocr_line' id='line_1_13' title="bbox 101 1141 1478 1207; baseline 0.003 -19"><span class='ocrx_word' id='word_1_92' title='bbox 101 1142 326 1188; x_wconf 87' lang='lat' dir='ltr'>Christum</span> <span class='ocrx_word' id='word_1_93' title='bbox 345 1142 512 1196; x_wconf 80' lang='lat' dir='ltr'>lumen,</span> <span class='ocrx_word' id='word_1_94' title='bbox 534 1141 886 1197; x_wconf 80' lang='lat' dir='ltr'>sanctimoniam,</span> <span class='ocrx_word' id='word_1_95' title='bbox 908 1141 1055 1187; x_wconf 72' lang='lat' dir='ltr'>divina</span> <span class='ocrx_word' id='word_1_96' title='bbox 1076 1143 1220 1189; x_wconf 88' lang='lat' dir='ltr'>omnia</span> <span class='ocrx_word' id='word_1_97' title='bbox 1243 1156 1478 1207; x_wconf 79' lang='lat' dir='ltr'>petentem,</span> 
     </span>
     <span class='ocr_line' id='line_1_14' title="bbox 91 1212 1480 1273; baseline 0.004 -15"><span class='ocrx_word' id='word_1_98' title='bbox 91 1216 188 1273; x_wconf 89' lang='lat' dir='ltr'>jure</span> <span class='ocrx_word' id='word_1_99' title='bbox 208 1229 284 1258; x_wconf 87' lang='lat' dir='ltr'>nos</span> <span class='ocrx_word' id='word_1_100' title='bbox 305 1212 554 1272; x_wconf 83' lang='lat' dir='ltr'>cognoveris</span> <span class='ocrx_word' id='word_1_101' title='bbox 580 1223 810 1259; x_wconf 78' lang='lat' dir='ltr'>execratos.</span> <span class='ocrx_word' id='word_1_102' title='bbox 835 1214 899 1259; x_wconf 89' lang='lat' dir='ltr'>Ac</span> <span class='ocrx_word' id='word_1_103' title='bbox 919 1230 972 1258; x_wconf 92' lang='lat' dir='ltr'>ne</span> <span class='ocrx_word' id='word_1_104' title='bbox 996 1212 1104 1259; x_wconf 88' lang='lat' dir='ltr'>forte</span> <span class='ocrx_word' id='word_1_105' title='bbox 1125 1215 1312 1261; x_wconf 88' lang='lat' dir='ltr'>multum</span> <span class='ocrx_word' id='word_1_106' title='bbox 1342 1217 1480 1263; x_wconf 80' lang='lat' dir='ltr'>inter-</span> 
     </span>
     <span class='ocr_line' id='line_1_15' title="bbox 97 1283 1482 1346; baseline 0.004 -18"><span class='ocrx_word' id='word_1_107' title='bbox 97 1301 182 1329; x_wconf 86' lang='lat' dir='ltr'>esse</span> <span class='ocrx_word' id='word_1_108' title='bbox 204 1294 330 1346; x_wconf 85' lang='lat' dir='ltr'>putes</span> <span class='ocrx_word' id='word_1_109' title='bbox 353 1283 465 1328; x_wconf 89' lang='lat' dir='ltr'>inter</span> <span class='ocrx_word' id='word_1_110' title='bbox 484 1299 739 1346; x_wconf 89' lang='lat' dir='ltr'>suspensum</span> <span class='ocrx_word' id='word_1_111' title='bbox 767 1294 807 1328; x_wconf 90' lang='lat' dir='ltr'>et</span> <span class='ocrx_word' id='word_1_112' title='bbox 827 1284 1101 1340; x_wconf 81' lang='lat' dir='ltr'>crucifixum,</span> <span class='ocrx_word' id='word_1_113' title='bbox 1124 1303 1226 1330; x_wconf 86' lang='lat' dir='ltr'>nam</span> <span class='ocrx_word' id='word_1_114' title='bbox 1254 1297 1295 1332; x_wconf 90' lang='lat' dir='ltr'>et</span> <span class='ocrx_word' id='word_1_115' title='bbox 1319 1287 1406 1333; x_wconf 89' lang='lat' dir='ltr'>hoc</span> <span class='ocrx_word' id='word_1_116' title='bbox 1436 1288 1482 1334; x_wconf 90' lang='lat' dir='ltr'>in</span> 
     </span>
     <span class='ocr_line' id='line_1_16' title="bbox 97 1353 1481 1417; baseline 0.004 -18"><span class='ocrx_word' id='word_1_117' title='bbox 97 1354 349 1417; x_wconf 61' lang='lat' dir='ltr'>praesidium</span> <span class='ocrx_word' id='word_1_118' title='bbox 374 1353 499 1400; x_wconf 77' lang='lat' dir='ltr'>vobis</span> <span class='ocrx_word' id='word_1_119' title='bbox 523 1353 779 1399; x_wconf 86' lang='lat' dir='ltr'>defensionis</span> <span class='ocrx_word' id='word_1_120' title='bbox 803 1354 944 1400; x_wconf 88' lang='lat' dir='ltr'>soletis</span> <span class='ocrx_word' id='word_1_121' title='bbox 971 1372 1199 1413; x_wconf 73' lang='lat' dir='ltr'>assumere,</span> <span class='ocrx_word' id='word_1_122' title='bbox 1225 1361 1481 1405; x_wconf 85' lang='lat' dir='ltr'>commentis</span> 
     </span>
     <span class='ocr_line' id='line_1_17' title="bbox 97 1424 1483 1488; baseline 0.004 -19"><span class='ocrx_word' id='word_1_123' title='bbox 97 1424 219 1470; x_wconf 89' lang='lat' dir='ltr'>hisce</span> <span class='ocrx_word' id='word_1_124' title='bbox 249 1424 398 1470; x_wconf 87' lang='lat' dir='ltr'>vestris</span> <span class='ocrx_word' id='word_1_125' title='bbox 430 1424 617 1470; x_wconf 87' lang='lat' dir='ltr'>Paulum</span> <span class='ocrx_word' id='word_1_126' title='bbox 647 1424 796 1470; x_wconf 86' lang='lat' dir='ltr'>audias</span> <span class='ocrx_word' id='word_1_127' title='bbox 827 1426 1186 1488; x_wconf 73' lang='lat' dir='ltr'>praescribentem</span> <span class='ocrx_word' id='word_1_128' title='bbox 1208 1445 1218 1472; x_wconf 73' lang='grc' dir='ltr'>ε</span> <span class='ocrx_word' id='word_1_129' title='bbox 1241 1453 1260 1471; x_wconf 73' lang='grc' dir='ltr'>α</span> <span class='ocrx_word' id='word_1_130' title='bbox 1281 1429 1483 1475; x_wconf 86' lang='lat' dir='ltr'>Christus</span> 
     </span>
     <span class='ocr_line' id='line_1_18' title="bbox 100 1494 1482 1560; baseline 0.004 -21"><span class='ocrx_word' id='word_1_131' title='bbox 100 1517 121 1537; x_wconf 83' lang='lat'>»</span> <span class='ocrx_word' id='word_1_132' title='bbox 143 1512 220 1540; x_wconf 91' lang='lat' dir='ltr'>nos</span> <span class='ocrx_word' id='word_1_133' title='bbox 238 1494 420 1540; x_wconf 84' lang='lat' dir='ltr'>redemit</span> <span class='ocrx_word' id='word_1_134' title='bbox 448 1494 501 1540; x_wconf 90' lang='lat' dir='ltr'>de</span> <span class='ocrx_word' id='word_1_135' title='bbox 527 1494 761 1540; x_wconf 85' lang='lat' dir='ltr'>maledicto</span> <span class='ocrx_word' id='word_1_136' title='bbox 788 1496 927 1555; x_wconf 78' lang='lat' dir='ltr'>Legis,</span> <span class='ocrx_word' id='word_1_137' title='bbox 959 1495 1099 1541; x_wconf 80' lang='lat' dir='ltr'>sactus</span> <span class='ocrx_word' id='word_1_138' title='bbox 1126 1514 1208 1560; x_wconf 89' lang='lat' dir='ltr'>pro</span> <span class='ocrx_word' id='word_1_139' title='bbox 1233 1499 1359 1544; x_wconf 85' lang='lat' dir='ltr'>nohis</span> <span class='ocrx_word' id='word_1_140' title='bbox 1385 1517 1482 1546; x_wconf 86' lang='lat' dir='ltr'>ma-</span> 
     </span>
     <span class='ocr_line' id='line_1_19' title="bbox 103 1565 1483 1634; baseline 0.006 -26"><span class='ocrx_word' id='word_1_141' title='bbox 103 1588 124 1608; x_wconf 81' lang='lat'>»</span> <span class='ocrx_word' id='word_1_142' title='bbox 149 1565 358 1612; x_wconf 86' lang='lat' dir='ltr'>ledictum</span> <span class='ocrx_word' id='word_1_143' title='bbox 379 1565 511 1630; x_wconf 87' lang='lat' dir='ltr'>:quia</span> <span class='ocrx_word' id='word_1_144' title='bbox 532 1565 746 1629; x_wconf 82' lang='lat' dir='ltr'>scriptum</span> <span class='ocrx_word' id='word_1_145' title='bbox 767 1577 853 1611; x_wconf 82' lang='lat' dir='ltr'>est:</span> <span class='ocrx_word' id='word_1_146' title='bbox 872 1566 1127 1613; x_wconf 75' lang='lat' dir='ltr'>Maledictus</span> <span class='ocrx_word' id='word_1_147' title='bbox 1143 1570 1483 1634; x_wconf 82' lang='lat' dir='ltr'>omnisquipen-</span> 
     </span>
     <span class='ocr_line' id='line_1_20' title="bbox 100 1636 529 1696; baseline 0.007 -17"><span class='ocrx_word' id='word_1_148' title='bbox 100 1659 122 1679; x_wconf 84' lang='lat'>»</span> <span class='ocrx_word' id='word_1_149' title='bbox 149 1636 223 1682; x_wconf 84' lang='lat' dir='ltr'>det</span> <span class='ocrx_word' id='word_1_150' title='bbox 250 1636 295 1681; x_wconf 91' lang='lat' dir='ltr'>in</span> <span class='ocrx_word' id='word_1_151' title='bbox 316 1636 433 1696; x_wconf 79' lang='lat' dir='ltr'>ligno</span> <span class='ocrx_word' id='word_1_152' title='bbox 448 1637 481 1682; x_wconf 76' lang='lat'>2.</span> <span class='ocrx_word' id='word_1_153' title='bbox 509 1657 529 1677; x_wconf 83' lang='lat'>»</span> 
     </span>
    </p>

    <p class='ocr_par' dir='ltr' id='par_1_3' title="bbox 101 1707 1487 2128">
     <span class='ocr_line' id='line_1_21' title="bbox 166 1707 1484 1771; baseline 0.003 -18"><span class='ocrx_word' id='word_1_154' title='bbox 166 1709 226 1754; x_wconf 88' lang='lat' dir='ltr'>Il.</span> <span class='ocrx_word' id='word_1_155' title='bbox 269 1707 534 1768; x_wconf 86' lang='lat' dir='ltr'>Augustinus</span> <span class='ocrx_word' id='word_1_156' title='bbox 566 1707 946 1771; x_wconf 79' lang='lat' dir='ltr'>responditzPius</span> <span class='ocrx_word' id='word_1_157' title='bbox 980 1709 1115 1755; x_wconf 90' lang='lat' dir='ltr'>homo</span> <span class='ocrx_word' id='word_1_158' title='bbox 1151 1711 1333 1757; x_wconf 88' lang='lat' dir='ltr'>Faustus</span> <span class='ocrx_word' id='word_1_159' title='bbox 1367 1711 1484 1757; x_wconf 87' lang='lat' dir='ltr'>dolet</span> 
     </span>
     <span class='ocr_line' id='line_1_22' title="bbox 103 1777 1480 1846; baseline 0.003 -22"><span class='ocrx_word' id='word_1_160' title='bbox 103 1778 326 1824; x_wconf 85' lang='lat' dir='ltr'>Christum</span> <span class='ocrx_word' id='word_1_161' title='bbox 341 1795 425 1824; x_wconf 89' lang='lat' dir='ltr'>esse</span> <span class='ocrx_word' id='word_1_162' title='bbox 437 1777 719 1824; x_wconf 86' lang='lat' dir='ltr'>maledictum</span> <span class='ocrx_word' id='word_1_163' title='bbox 735 1797 756 1824; x_wconf 86' lang='lat' dir='ltr'>a</span> <span class='ocrx_word' id='word_1_164' title='bbox 771 1781 939 1843; x_wconf 69' lang='lat' dir='ltr'>Moyse,</span> <span class='ocrx_word' id='word_1_165' title='bbox 955 1791 996 1825; x_wconf 90' lang='lat' dir='ltr'>et</span> <span class='ocrx_word' id='word_1_166' title='bbox 1009 1781 1067 1826; x_wconf 89' lang='lat' dir='ltr'>oh</span> <span class='ocrx_word' id='word_1_167' title='bbox 1084 1780 1169 1826; x_wconf 90' lang='lat' dir='ltr'>hoc</span> <span class='ocrx_word' id='word_1_168' title='bbox 1181 1781 1273 1827; x_wconf 91' lang='lat' dir='ltr'>odit</span> <span class='ocrx_word' id='word_1_169' title='bbox 1285 1783 1480 1846; x_wconf 73' lang='lat' dir='ltr'>Moysen,</span> 
     </span>
     <span class='ocr_line' id='line_1_23' title="bbox 101 1849 1486 1915; baseline 0.003 -19"><span class='ocrx_word' id='word_1_170' title='bbox 101 1851 203 1915; x_wconf 88' lang='lat' dir='ltr'>quia</span> <span class='ocrx_word' id='word_1_171' title='bbox 237 1849 380 1910; x_wconf 84' lang='lat' dir='ltr'>diligit</span> <span class='ocrx_word' id='word_1_172' title='bbox 419 1849 660 1896; x_wconf 88' lang='lat' dir='ltr'>Christum.</span> <span class='ocrx_word' id='word_1_173' title='bbox 704 1851 882 1895; x_wconf 87' lang='lat' dir='ltr'>Interim</span> <span class='ocrx_word' id='word_1_174' title='bbox 930 1861 1162 1915; x_wconf 86' lang='lat' dir='ltr'>antequam</span> <span class='ocrx_word' id='word_1_175' title='bbox 1203 1854 1395 1915; x_wconf 86' lang='lat' dir='ltr'>aperiam</span> <span class='ocrx_word' id='word_1_176' title='bbox 1439 1855 1486 1900; x_wconf 90' lang='lat' dir='ltr'>in</span> 
     </span>
     <span class='ocr_line' id='line_1_24' title="bbox 102 1921 1486 1985; baseline 0.002 -18"><span class='ocrx_word' id='word_1_177' title='bbox 102 1938 234 1985; x_wconf 88' lang='lat' dir='ltr'>quam</span> <span class='ocrx_word' id='word_1_178' title='bbox 252 1937 410 1980; x_wconf 82' lang='lat' dir='ltr'>niagno</span> <span class='ocrx_word' id='word_1_179' title='bbox 431 1930 721 1973; x_wconf 77' lang='lat' dir='ltr'>sacramento,</span> <span class='ocrx_word' id='word_1_180' title='bbox 741 1931 782 1965; x_wconf 89' lang='lat' dir='ltr'>et</span> <span class='ocrx_word' id='word_1_181' title='bbox 802 1937 933 1983; x_wconf 87' lang='lat' dir='ltr'>quam</span> <span class='ocrx_word' id='word_1_182' title='bbox 954 1921 1026 1984; x_wconf 90' lang='lat' dir='ltr'>pie</span> <span class='ocrx_word' id='word_1_183' title='bbox 1046 1921 1213 1967; x_wconf 90' lang='lat' dir='ltr'>dictum</span> <span class='ocrx_word' id='word_1_184' title='bbox 1234 1923 1286 1968; x_wconf 86' lang='lat' dir='ltr'>sit</span> <span class='ocrx_word' id='word_1_185' title='bbox 1307 1941 1317 1968; x_wconf 70' lang='grc' dir='ltr'><strong><em>ε</em></strong></span> <span class='ocrx_word' id='word_1_186' title='bbox 1342 1946 1362 1965; x_wconf 75' lang='grc' dir='ltr'>α</span> <span class='ocrx_word' id='word_1_187' title='bbox 1384 1928 1486 1970; x_wconf 81' lang='lat' dir='ltr'>Ma-</span> 
     </span>
     <span class='ocr_line' id='line_1_25' title="bbox 103 1989 1487 2058; baseline 0.005 -24"><span class='ocrx_word' id='word_1_188' title='bbox 103 2015 124 2034; x_wconf 85' lang='lat'>»</span> <span class='ocrx_word' id='word_1_189' title='bbox 150 1991 333 2037; x_wconf 87' lang='lat' dir='ltr'>ledictus</span> <span class='ocrx_word' id='word_1_190' title='bbox 363 1990 501 2036; x_wconf 88' lang='lat' dir='ltr'>omnis</span> <span class='ocrx_word' id='word_1_191' title='bbox 529 1989 603 2052; x_wconf 88' lang='lat' dir='ltr'>qui</span> <span class='ocrx_word' id='word_1_192' title='bbox 635 1990 681 2035; x_wconf 87' lang='lat' dir='ltr'>in</span> <span class='ocrx_word' id='word_1_193' title='bbox 717 1989 836 2050; x_wconf 83' lang='lat' dir='ltr'>ligno</span> <span class='ocrx_word' id='word_1_194' title='bbox 866 1991 1170 2055; x_wconf 76' lang='lat' dir='ltr'>pependerit3,</span> <span class='ocrx_word' id='word_1_195' title='bbox 1203 2015 1222 2034; x_wconf 83' lang='grc'><em>»</em></span> <span class='ocrx_word' id='word_1_196' title='bbox 1254 1994 1356 2039; x_wconf 83' lang='lat' dir='ltr'>istos</span> <span class='ocrx_word' id='word_1_197' title='bbox 1390 1996 1487 2058; x_wconf 90' lang='lat' dir='ltr'>pios</span> 
     </span>
     <span class='ocr_line' id='line_1_26' title="bbox 102 2059 1487 2128; baseline 0.004 -21"><span class='ocrx_word' id='word_1_198' title='bbox 102 2061 302 2108; x_wconf 86' lang='lat' dir='ltr'>homines</span> <span class='ocrx_word' id='word_1_199' title='bbox 318 2061 554 2120; x_wconf 78' lang='lat' dir='ltr'>interrogo,</span> <span class='ocrx_word' id='word_1_200' title='bbox 577 2076 656 2105; x_wconf 91' lang='lat' dir='ltr'>cur</span> <span class='ocrx_word' id='word_1_201' title='bbox 676 2059 919 2106; x_wconf 85' lang='lat' dir='ltr'>irascantur</span> <span class='ocrx_word' id='word_1_202' title='bbox 940 2062 1101 2125; x_wconf 74' lang='lat' dir='ltr'>Moysi,</span> <span class='ocrx_word' id='word_1_203' title='bbox 1130 2064 1487 2128; x_wconf 81' lang='lat' dir='ltr'>quandoquidem</span> 
     </span>
    </p>
   </div>
   <div class='ocr_carea' id='block_1_3' title="bbox 104 2130 1570 2197">
    <p class='ocr_par' dir='ltr' id='par_1_4' title="bbox 104 2130 1570 2197">
     <span class='ocr_line' id='line_1_27' title="bbox 104 2130 1570 2197; baseline 0.004 -19"><span class='ocrx_word' id='word_1_204' title='bbox 104 2132 388 2178; x_wconf 89' lang='lat' dir='ltr'>maledictum</span> <span class='ocrx_word' id='word_1_205' title='bbox 407 2135 498 2191; x_wconf 85' lang='lat' dir='ltr'>ejus</span> <span class='ocrx_word' id='word_1_206' title='bbox 516 2130 570 2176; x_wconf 89' lang='lat' dir='ltr'>ad</span> <span class='ocrx_word' id='word_1_207' title='bbox 592 2130 819 2176; x_wconf 87' lang='lat' dir='ltr'>Christum</span> <span class='ocrx_word' id='word_1_208' title='bbox 843 2131 1024 2177; x_wconf 86' lang='lat' dir='ltr'>istorum</span> <span class='ocrx_word' id='word_1_209' title='bbox 1045 2150 1133 2178; x_wconf 88' lang='lat' dir='ltr'>non</span> <span class='ocrx_word' id='word_1_210' title='bbox 1155 2137 1410 2197; x_wconf 84' lang='lat' dir='ltr'>pervenerit.</span> <span class='ocrx_word' id='word_1_211' title='bbox 1443 2138 1493 2184; x_wconf 84' lang='lat' dir='ltr'>Si</span> <span class='ocrx_word' id='word_1_212' title='bbox 1559 2133 1570 2144; x_wconf 73' lang='grc'><strong>“</strong></span> 
     </span>
    </p>
   </div>
   <div class='ocr_carea' id='block_1_4' title="bbox 105 2201 1481 2268">
    <p class='ocr_par' dir='ltr' id='par_1_5' title="bbox 105 2201 1481 2268">
     <span class='ocr_line' id='line_1_28' title="bbox 105 2201 1481 2268; baseline 0.004 -19"><span class='ocrx_word' id='word_1_213' title='bbox 105 2204 219 2249; x_wconf 87' lang='lat' dir='ltr'>enim</span> <span class='ocrx_word' id='word_1_214' title='bbox 238 2203 439 2249; x_wconf 85' lang='lat' dir='ltr'>Christus</span> <span class='ocrx_word' id='word_1_215' title='bbox 457 2201 670 2265; x_wconf 85' lang='lat' dir='ltr'>pependit</span> <span class='ocrx_word' id='word_1_216' title='bbox 691 2201 738 2247; x_wconf 90' lang='lat' dir='ltr'>in</span> <span class='ocrx_word' id='word_1_217' title='bbox 757 2201 892 2262; x_wconf 80' lang='lat' dir='ltr'>ligno,</span> <span class='ocrx_word' id='word_1_218' title='bbox 915 2203 1048 2249; x_wconf 87' lang='lat' dir='ltr'>clavis</span> <span class='ocrx_word' id='word_1_219' title='bbox 1074 2205 1223 2268; x_wconf 87' lang='lat' dir='ltr'>utique</span> <span class='ocrx_word' id='word_1_220' title='bbox 1240 2206 1384 2253; x_wconf 80' lang='lat' dir='ltr'>affixus</span> <span class='ocrx_word' id='word_1_221' title='bbox 1406 2219 1481 2256; x_wconf 90' lang='lat' dir='ltr'>est.</span> 
     </span>
    </p>
   </div>
   <div class='ocr_carea' id='block_1_5' title="bbox 106 2273 1489 2415">
    <p class='ocr_par' dir='ltr' id='par_1_6' title="bbox 106 2273 1489 2415">
     <span class='ocr_line' id='line_1_29' title="bbox 106 2273 1485 2343; baseline 0.004 -23"><span class='ocrx_word' id='word_1_222' title='bbox 106 2274 231 2320; x_wconf 88' lang='lat' dir='ltr'>Unde</span> <span class='ocrx_word' id='word_1_223' title='bbox 244 2274 373 2320; x_wconf 89' lang='lat' dir='ltr'>etiam</span> <span class='ocrx_word' id='word_1_224' title='bbox 390 2274 505 2337; x_wconf 85' lang='lat' dir='ltr'>ipsas</span> <span class='ocrx_word' id='word_1_225' title='bbox 523 2273 743 2320; x_wconf 86' lang='lat' dir='ltr'>cicatrices</span> <span class='ocrx_word' id='word_1_226' title='bbox 761 2285 860 2338; x_wconf 85' lang='lat' dir='ltr'>post</span> <span class='ocrx_word' id='word_1_227' title='bbox 882 2276 1242 2322; x_wconf 85' lang='lat' dir='ltr'>resurrectionem</span> <span class='ocrx_word' id='word_1_228' title='bbox 1256 2278 1485 2343; x_wconf 86' lang='lat' dir='ltr'>Discipulo</span> 
     </span>
     <span class='ocr_line' id='line_1_30' title="bbox 106 2345 1489 2415; baseline 0.004 -24"><span class='ocrx_word' id='word_1_229' title='bbox 106 2346 249 2392; x_wconf 86' lang='lat' dir='ltr'>minus</span> <span class='ocrx_word' id='word_1_230' title='bbox 283 2345 461 2392; x_wconf 89' lang='lat' dir='ltr'>credulo</span> <span class='ocrx_word' id='word_1_231' title='bbox 495 2345 854 2392; x_wconf 43' lang='lat' dir='ltr'>demonstravit&amp;</span> <span class='ocrx_word' id='word_1_232' title='bbox 901 2346 1031 2403; x_wconf 81' lang='lat' dir='ltr'>Quod</span> <span class='ocrx_word' id='word_1_233' title='bbox 1069 2348 1103 2392; x_wconf 86' lang='lat' dir='ltr'>si</span> <span class='ocrx_word' id='word_1_234' title='bbox 1135 2348 1194 2394; x_wconf 89' lang='lat' dir='ltr'>ita</span> <span class='ocrx_word' id='word_1_235' title='bbox 1226 2359 1302 2396; x_wconf 85' lang='lat' dir='ltr'>est.</span> <span class='ocrx_word' id='word_1_236' title='bbox 1341 2351 1489 2415; x_wconf 85' lang='lat' dir='ltr'>utique</span> 
     </span>
    </p>
   </div>
   <div class='ocr_carea' id='block_1_6' title="bbox 106 2416 1492 2551">
    <p class='ocr_par' dir='ltr' id='par_1_7' title="bbox 106 2416 1492 2551">
     <span class='ocr_line' id='line_1_31' title="bbox 106 2416 1492 2482; baseline 0.002 -19"><span class='ocrx_word' id='word_1_237' title='bbox 106 2417 377 2463; x_wconf 85' lang='lat' dir='ltr'>vulnerabile</span> <span class='ocrx_word' id='word_1_238' title='bbox 395 2427 522 2480; x_wconf 90' lang='lat' dir='ltr'>atque</span> <span class='ocrx_word' id='word_1_239' title='bbox 540 2416 720 2462; x_wconf 85' lang='lat' dir='ltr'>mortale</span> <span class='ocrx_word' id='word_1_240' title='bbox 738 2433 898 2480; x_wconf 89' lang='lat' dir='ltr'>corpus</span> <span class='ocrx_word' id='word_1_241' title='bbox 915 2416 1091 2474; x_wconf 83' lang='lat' dir='ltr'>hahuit,</span> <span class='ocrx_word' id='word_1_242' title='bbox 1108 2419 1227 2482; x_wconf 91' lang='lat' dir='ltr'>quod</span> <span class='ocrx_word' id='word_1_243' title='bbox 1245 2419 1314 2465; x_wconf 88' lang='lat' dir='ltr'>isti</span> <span class='ocrx_word' id='word_1_244' title='bbox 1335 2420 1492 2466; x_wconf 87' lang='lat' dir='ltr'>nolunt</span> 
     </span>
     <span class='ocr_line' id='line_1_32' title="bbox 106 2487 1487 2551; baseline 0.003 -16"><span class='ocrx_word' id='word_1_245' title='bbox 106 2488 244 2535; x_wconf 85' lang='lat' dir='ltr'>fateri.</span> <span class='ocrx_word' id='word_1_246' title='bbox 269 2489 315 2534; x_wconf 84' lang='lat' dir='ltr'>Si</span> <span class='ocrx_word' id='word_1_247' title='bbox 332 2505 432 2549; x_wconf 85' lang='lat' dir='ltr'>ergo</span> <span class='ocrx_word' id='word_1_248' title='bbox 449 2487 576 2534; x_wconf 85' lang='lat' dir='ltr'>etilla</span> <span class='ocrx_word' id='word_1_249' title='bbox 595 2487 790 2546; x_wconf 83' lang='lat' dir='ltr'>vulnera,</span> <span class='ocrx_word' id='word_1_250' title='bbox 811 2498 854 2534; x_wconf 88' lang='lat' dir='ltr'>et</span> <span class='ocrx_word' id='word_1_251' title='bbox 869 2487 957 2535; x_wconf 84' lang='lat' dir='ltr'>illae</span> <span class='ocrx_word' id='word_1_252' title='bbox 972 2490 1194 2536; x_wconf 84' lang='lat' dir='ltr'>cicatrices</span> <span class='ocrx_word' id='word_1_253' title='bbox 1211 2490 1331 2536; x_wconf 71' lang='lat' dir='ltr'>falsae</span> <span class='ocrx_word' id='word_1_254' title='bbox 1349 2503 1487 2551; x_wconf 81' lang='lat' dir='ltr'>erant,</span> 
     </span>
    </p>
   </div>
   <div class='ocr_carea' id='block_1_7' title="bbox 115 2584 1491 2681">
    <p class='ocr_par' dir='ltr' id='par_1_8' title="bbox 115 2584 1491 2681">
     <span class='ocr_line' id='line_1_33' title="bbox 157 2584 1491 2633; baseline 0.004 -15"><span class='ocrx_word' id='word_1_255' title='bbox 157 2589 167 2609; x_wconf 88' lang='lat'>¹</span> <span class='ocrx_word' id='word_1_256' title='bbox 194 2589 293 2621; x_wconf 86' lang='lat' dir='ltr'>Deut.</span> <span class='ocrx_word' id='word_1_257' title='bbox 316 2597 389 2627; x_wconf 76' lang='lat' dir='ltr'>xxv,</span> <span class='ocrx_word' id='word_1_258' title='bbox 417 2598 449 2628; x_wconf 91' lang='lat'>7.</span> <span class='ocrx_word' id='word_1_259' title='bbox 469 2603 515 2611; x_wconf 92' lang='lat'>—-</span> <span class='ocrx_word' id='word_1_260' title='bbox 543 2584 559 2608; x_wconf 84' lang='lat'><em>2</em></span> <span class='ocrx_word' id='word_1_261' title='bbox 587 2585 692 2621; x_wconf 76' lang='lat' dir='ltr'>Galat.</span> <span class='ocrx_word' id='word_1_262' title='bbox 717 2597 774 2627; x_wconf 80' lang='lat'>111,</span> <span class='ocrx_word' id='word_1_263' title='bbox 797 2588 849 2621; x_wconf 85' lang='lat'>13.</span> <span class='ocrx_word' id='word_1_264' title='bbox 868 2602 917 2612; x_wconf 88' lang='lat'>—-</span> <span class='ocrx_word' id='word_1_265' title='bbox 941 2584 956 2610; x_wconf 86' lang='lat'><strong>3</strong></span> <span class='ocrx_word' id='word_1_266' title='bbox 982 2589 1081 2620; x_wconf 87' lang='lat' dir='ltr'>Deut.</span> <span class='ocrx_word' id='word_1_267' title='bbox 1112 2598 1190 2633; x_wconf 70' lang='lat' dir='ltr'>iou,</span> <span class='ocrx_word' id='word_1_268' title='bbox 1213 2588 1270 2619; x_wconf 81' lang='lat'>23.</span> <span class='ocrx_word' id='word_1_269' title='bbox 1289 2605 1337 2612; x_wconf 96' lang='lat'><strong>—</strong></span> <span class='ocrx_word' id='word_1_270' title='bbox 1354 2585 1369 2610; x_wconf 74' lang='lat'><strong>⁴</strong></span> <span class='ocrx_word' id='word_1_271' title='bbox 1394 2591 1491 2623; x_wconf 80' lang='lat' dir='ltr'>Joan.</span> 
     </span>
     <span class='ocr_line' id='line_1_34' title="bbox 115 2652 243 2681; baseline 0 -9"><span class='ocrx_word' id='word_1_272' title='bbox 115 2652 155 2681; x_wconf 88' lang='lat' dir='ltr'>x,</span> <span class='ocrx_word' id='word_1_273' title='bbox 185 2652 243 2680; x_wconf 72' lang='lat'>27.</span> 
     </span>
    </p>
   </div>
  </div>
 </body>
</html>
