1795 3253
365 275 458 339 370
786 288 820 318 5
865 286 1107 318 Accusrlm
1144 284 1346 316 Errscori

364 377 386 398 >2
411 370 727 419 supervacanea
747 363 787 398 ct
812 352 937 399 noxia
957 353 989 400 1.
1016 374 1035 394 »
1062 353 1117 397 Et
1146 350 1256 398 sone
1284 351 1362 398 iste
1388 350 1588 408 Gentilis‚
1610 336 1742 418 quem

358 426 702 474 catechizamus,
729 442 858 490 quem
891 425 996 471 dixit
1030 426 1060 469 1
1065 435 1213 469 iustus
1236 440 1337 470 cum
1361 424 1449 470 risu
1479 422 1740 470 dicturum:

361 499 460 545 Non
500 497 628 544 credo
655 496 888 560 Prophetis
930 496 1154 551 Hebraeis,
1202 495 1347 560 aliqua
1373 512 1507 542 manu
1531 495 1744 542 fabricata

360 570 478 617 idola
500 568 729 616 abscondit
747 568 792 614 in
808 568 1014 632 spelunca
1034 606 1044 623 ‚
1073 577 1145 614 aut
1164 566 1210 612 in
1229 567 1410 612 scissura
1427 577 1581 631 petrae,
1603 577 1678 613 aut
1698 565 1745 612 in

358 658 542 687 caverna
560 652 704 697 terrae,
729 650 804 686 aut
824 638 1010 704 aliquem
1030 638 1221 684 amicum
1238 654 1365 684 suum
1380 637 1461 684 scit
1473 637 1559 683 hoc
1574 636 1741 693 fecisse,

362 723 435 757 aut
459 712 504 758 in
527 712 720 762 civitate,
742 710 810 757 vel
835 710 880 756 in
902 709 1041 756 fundo
1068 726 1145 755 suo
1169 709 1251 755 scit
1291 708 1459 755 factum
1479 726 1567 755 6556
1587 727 1610 754 3
1635 707 1746 755 facie

358 783 526 829 timoris
543 782 736 839 Domini,
762 782 838 846 qui
857 799 934 845 per
950 798 1063 841 reges
1084 791 1209 826 terrae
1225 817 1237 835 ‚
1276 780 1518 826 secundum
1549 779 1746 827 eamdem

361 854 661 918 prophetiam,
684 857 774 914 jam
797 854 879 899 sibi
894 853 1122 898 servientes
1146 868 1275 915 seque
1298 851 1545 907 adorantes,
1573 851 1746 897 severis·

362 926 479 971 simis
500 925 668 986 legibus
690 935 847 970 terram
865 922 1119 984 confringit,
1142 923 1280 979 idest,
1295 924 1452 969 terreni
1470 922 1611 969 cordis
1630 921 1746 968 fran-

361 999 423 1058 git
447 997 690 1044 audaciam.
712 996 946 1054 Quomodo
971 1013 1071 1056 crgo
1094 995 1212 1041 dicat
1235 1013 1246 1040 ι
1268 996 1363 1041 Non
1388 994 1517 1041 credo
1541 995 1746 1059 Prophe—

358 1069 411 1114 tis
436 1068 652 1124 Hebraeis,
671 1085 770 1114 cum
787 1067 888 1112 etin
909 1084 949 1112 56
963 1068 1058 1130 ipso
1079 1066 1347 1130 completum
1366 1065 1476 1111 forte
1491 1076 1742 1127 cognoscat,

360 1138 480 1203 quod
502 1139 606 1185 olim
625 1138 891 1203 praedictum
914 1150 976 1184 est
1001 1157 1023 1184 a
1047 1139 1283 1202 Prophetis
1303 1138 1536 1184 Ilebraeis'?

424 1212 479 1258 X.
511 1210 649 1271 Magis
685 1209 923 1256 verendum
960 1221 1051 1255 erat
1071 1247 1082 1262 ,
1120 1227 1172 1255 36
1211 1219 1330 1254 tanta
1366 1226 1507 1254 rerum
1532 1207 1748 1254 evidentia

360 1281 668 1338 chcumffisus,
694 1280 828 1327 fortas
813 1298 874 1326 556
895 1280 1074 1337 diceret,
1101 1291 1381 1344 posteaquam
1404 1280 1484 1325 ista
1507 1297 1587 1343 per
1619 1296 1747 1325 mun-

360 1354 467 1400 dum
484 1353 574 1399 fieri
596 1363 847 1415 coeperunt,
869 1352 1142 1397 Ctuisnanos
1161 1351 1240 1396 has
1257 1350 1418 1396 litteras
1432 1350 1743 1413 composuisse,

358 1436 409 1470 ut
429 1435 526 1470 ante
557 1423 769 1469 dixinitus
799 1421 1013 1487 praedicta
1056 1432 1333 1485 putarentur,
1363 1438 1415 1466 nc
1445 1421 1566 1484 quasi
1590 1431 1749 1466 temere

356 1496 615 1543 humanitus
648 1494 762 1540 facta
801 1504 1041 1539 contemne]
1047 1504 1195 1540 entur
1224 1493 1321 1539 Hoc
1360 1492 1597 1538 verendum
1623 1502 1744 1544 er,at

356 1568 440 1614 nisi
462 1578 568 1612 esset
589 1565 675 1611 late
699 1582 872 1629 sparsus
898 1565 1070 1628 lateque
1085 1575 1212 1610 notus
1231 1563 1422 1628 populus
1446 1563 1710 1610 Judaeorum
1735 1581 1745 1608 ε

358 1638 471 1684 Ca'i'n
495 1636 566 1683 ille
599 1637 720 1697 signo
747 1646 928 1699 accepto
948 1672 958 1691 ,
987 1652 1040 1680 36
1066 1636 1121 1680 ab
1153 1635 1298 1698 aliquo
1320 1635 1608 1680 interficiatur
1638 1634 1674 1691 2,
1705 1645 1748 1680 et

350 1709 423 1755 ille
441 1707 584 1753 Cham
605 1724 752 1753 servus
771 1705 958 1752 fratrum
976 1722 1153 1751 suorum
1167 1705 1386 1768 portando
1401 1705 1554 1762 libros,
1584 1705 1750 1769 quibus

350 1780 417 1826 illi
436 1778 709 1835 erudiantur,
730 1778 821 1842 ipse
843 1786 1043 1823 oneretur
1076 1776 1109 1824 3.
1145 1777 1228 1822 Per
1254 1793 1403 1822 corum
1427 1777 1594 1841 quippe
1617 1776 1746 1823 codi-

359 1867 428 1896 ces
449 1850 708 1914 probamus,
748 1866 837 1894 non
864 1868 888 1895 3
919 1847 1046 1893 301)15
1086 1857 1297 1911 tanquam
1335 1847 1387 1893 de
1420 1865 1565 1894 rerum
1592 1858 1749 1894 eventu

357 1920 635 1968 commonitis
660 1920 741 1965 ista
768 1935 856 1964 6556
881 1918 1130 1981 conscripta
1149 1954 1160 1973 ‚
1188 1916 1262 1962 sed
1300 1917 1404 1963 olim
1432 1919 1476 1963 in
1507 1918 1583 1964 illo
1618 1936 1751 1981 regno

360 1992 577 2058 praedicta
601 2001 729 2056 atque
766 2000 950 2045 servata,
978 2005 1097 2034 nunc
1118 1999 1263 2034 autem
1302 1989 1575 2035 manifestata
1597 2001 1639 2036 et
1661 1991 1750 2037 im-

366 2063 529 2130 pletah:
552 2063 597 2110 in
612 2062 774 2127 quibus
793 2072 835 2107 et
846 2078 895 2106 ca
913 2060 1087 2125 quaeibi
1102 2060 1244 2106 minus
1261 2060 1493 2125 perspicua
1510 2072 1627 2119 sunt,
1648 2062 1752 2126 quia

362 2137 410 2183 in
434 2137 573 2196 figura
593 2133 906 2194 contingebant
931 2131 1033 2189 illis,
1061 2132 1223 2196 scripta
1249 2142 1378 2188 sunt,
1408 2143 1551 2178 autem
1571 2144 1753 2198 propter

361 2225 441 2255 nos
463 2208 508 2253 in
531 2223 640 2270 quos
664 2206 762 2251 finis
782 2204 1044 2251 sacculorum
1083 2204 1264 2250 obvenit
1295 2204 1332 2260 5,
1363 2207 1454 2264 jam
1480 2222 1598 2251 nunc
1624 2205 1751 2252 illus-

367 2289 482 2325 trata
499 2276 757 2330 solvuntur3
779 2286 821 2321 et
847 2292 948 2340 quae
973 2276 1142 2322 umbris
1168 2274 1417 2320 futurarum
1434 2275 1583 2322 adhuc
1606 2294 1751 2324 rerum

369 2349 691 2415 opacabantur,
706 2351 797 2408 jam
818 2345 1033 2393 factarum
1055 2347 1152 2393 1366
1173 2345 1516 2393 manifestantur.

434 2422 514 2468 XI.
547 2420 674 2465 Forte
698 2418 828 2464 etiam
850 2418 956 2464 binc
973 2436 1014 2464 se
1032 2417 1194 2464 diceret
1214 2417 1480 2482 permoveri,
1505 2417 1624 2481 quod
1645 2418 1747 2483 ipsi,

367 2493 415 2540 in
439 2507 630 2558 quorum
654 2490 777 2537 libris
792 2489 891 2536 baec
909 2489 1192 2536 inveniuntur
1214 2506 1301 2535 6556
1320 2490 1630 2552 praenuntiata,
1651 2506 1752 2554 quae

416 2583 429 2605 ¹
447 2583 524 2616 Isai'.
547 2594 590 2625 11,
609 2593 663 2621 17.
680 2598 725 2604 —
742 2577 758 2602 ²
776 2580 861 2613 Gen.
882 2591 927 2622 xv,
953 2582 1006 2615 15.
1032 2597 1074 2605 ·-
1100 2577 1116 2602 ³
1136 2579 1185 2614 Id.
1200 2591 1246 2620 ιχ,
1263 2580 1318 2612 25.
1334 2596 1379 2602 —
1399 2576 1415 2602 4
1433 2589 1451 2611 2
1467 2582 1609 2614 Retract.
1629 2591 1699 2625 cap.
1719 2593 1751 2623 7.

369 2634 444 2660 -5
465 2636 571 2671 xcor.
591 2647 627 2681 x,
652 2646 704 2668 1¹.
