1795 3253
243 250 417 285 CONTRA
451 250 654 282 FAUSTUM
688 250 989 292 MANICIIFEUM9
1027 253 1116 284 LIB.
1158 255 1237 286 VII.
1347 245 1436 305 257

70 320 286 367 tiaverunt
322 319 429 364 scire
462 316 663 381 potuisse.
709 316 875 361 Deinde
911 334 1078 379 quaero,
1114 320 1229 366 unde
1264 321 1444 368 erodant

70 391 221 437 dixisse
247 388 483 435 Dominum
503 406 513 433 :
535 410 555 429 α
575 390 686 443 Quae
703 386 814 432 mihi
835 398 988 444 mater,
1013 400 1086 434 aut
1104 391 1179 452 qui
1195 391 1372 438 fratres1
1387 397 1404 439 Ρ
1422 416 1442 436 »

73 461 119 507 Si
146 460 249 523 quia
278 459 367 504 hoc
393 457 665 518 Evangelista
688 457 896 513 narravit,
924 474 1003 502 cur
1030 459 1067 504 ei
1091 478 1178 505 non
1201 462 1385 508 credunt
1405 475 1446 509 ct

70 530 199 586 illud,
226 529 339 586 Quia
360 538 497 573 mater
525 531 616 588 ejus
639 538 681 572 et
706 526 856 572 fratres
876 529 1131 590 quaerebant
1151 535 1274 577 eum?
1298 534 1343 578 Si
1366 552 1446 579 au·-

72 612 158 647 tem
186 601 274 645 hoc
303 601 507 644 mentitus
533 609 596 643 est
623 597 741 661 quod
763 597 920 645 nolunt
947 599 1136 656 credere,
1170 604 1390 664 quomodo
1409 606 1448 650 ei

74 671 260 718 credunt
279 669 506 715 Christum
522 669 671 714 dixisse
688 667 807 732 quod
826 668 980 713 nolunt
997 669 1262 730 intelligere?
1283 675 1448 720 Deinde

76 742 111 788 si
137 741 362 786 Christum
383 751 552 796 natum,
573 740 676 803 quia
691 740 947 799 jamjuvcni
971 740 1227 799 adhaeserat,
1252 761 1340 789 non
1363 763 1449 808 po-

77 811 162 857 tuit
184 828 305 857 nosse
331 810 586 866 Matthaeus,
616 809 731 855 unde
756 809 900 873 potuit
923 810 1149 856 Christum
1168 831 1255 859 non
1278 827 1448 873 natum,

77 893 177 946 post
208 892 274 927 tot
307 898 440 927 annos
475 892 600 926 natus
633 898 754 926 nosse
790 880 1088 927 Manichaeus?
1125 884 1295 932 Dicturi
1334 897 1450 943 sunt,

81 952 270 1018 Spiritus
289 962 462 997 sanctus
485 952 573 997 hoc
597 952 760 997 sciehat
781 951 858 1014 qui
889 962 978 996 erat
1002 951 1046 997 in
1077 953 1339 1002 Manichaeo.
1377 956 1454 1003 1110

81 1019 180 1068 50Πο
199 1023 232 1067 si
256 1022 444 1086 Spiritus
466 1033 635 1068 sanctus
657 1032 778 1077 esset,
808 1039 908 1067 vera
932 1021 1115 1070 dixisset.
1150 1024 1236 1071 Sed
1266 1043 1345 1072 cur
1367 1046 1456 1074 non

83 1093 231 1156 potius
251 1092 304 1138 de
330 1093 506 1138 Christo
528 1092 765 1156 Discipulis
792 1096 882 1152 ejus
913 1094 990 1157 qui
1017 1095 1147 1140 etiam
1180 1099 1461 1160 corporaliter

83 1164 121 1210 ei
145 1164 424 1221 adhaeserunt
456 1164 690 1220 credimus,
726 1164 803 1227 qui
834 1181 922 1210 nou
956 1164 1095 1212 solum
1129 1184 1208 1230 per
1241 1169 1457 1232 Spiritum

84 1245 280 1280 sanctum
315 1235 371 1280 ab
405 1235 502 1298 ipso
540 1234 813 1298 impertitum
852 1236 958 1280 scire
989 1248 1244 1299 potuerunt,
1282 1241 1316 1286 si
1350 1241 1459 1305 quid

84 1304 236 1350 lateret
264 1304 310 1350 in
340 1305 472 1350 rehus
506 1305 740 1360 humanis3
776 1305 848 1351 sed
880 1316 967 1351 tam
998 1310 1159 1354 recenti
1185 1321 1226 1356 et
1258 1313 1461 1374 praesenti

85 1375 309 1430 memoria,
328 1376 458 1421 etiam
476 1376 566 1421 solo
589 1376 783 1421 humano
801 1393 943 1432 sensu,
971 1395 1102 1436 genus
1128 1380 1292 1427 Christi
1313 1399 1463 1427 secun-

88 1445 195 1491 dum
226 1463 399 1491 carnem
434 1457 475 1491 et
508 1456 640 1491 totam
670 1446 877 1506 originem
910 1447 1201 1508 collegerunt?
1236 1452 1291 1497 Et
1318 1462 1462 1498 tamen

88 1515 195 1561 caeci
225 1526 266 1560 et
297 1516 417 1561 surdi
450 1527 571 1561 testes
597 1515 805 1561 dicuntur
836 1517 1048 1579 Apostoli.
1089 1518 1265 1565 Utinam
1295 1531 1343 1566 tu
1372 1538 1459 1566 non

90 1596 261 1631 tantum
283 1603 425 1632 caecus
450 1597 492 1632 et
513 1587 669 1632 surdus
688 1586 855 1643 fuissoe,
881 1605 933 1632 ne
959 1599 1045 1634 tam
1069 1606 1179 1636 vana
1201 1602 1241 1636 et
1259 1591 1463 1651 sacrilega

91 1655 297 1711 disceres3
320 1656 393 1702 sed
415 1658 545 1703 etiam
568 1669 732 1715 mutus,
755 1676 808 1704 ne
830 1658 932 1704 talia
954 1659 1132 1707 diceres.

141 1743 153 1766 ¹
173 1743 292 1776 Mauh.
311 1755 371 1784 xix,
384 1745 441 1781 48.
457 1763 503 1768 —
518 1744 533 1767 ²
546 1745 631 1778 Ibid.
653 1748 708 1782 46.
