1795 3253
333 270 424 331 290
755 283 788 313 5.
833 282 856 313 A
867 284 1076 314 ecusrml
1113 284 1316 322 Er1scop1

327 351 447 416 quod
472 361 586 395 certe
609 368 632 395 a
654 366 730 395 suo
756 352 846 396 Deo
872 369 958 398 non
978 363 1121 416 posset
1144 352 1320 400 discere.
1351 353 1430 400 Ille
1451 355 1619 419 quippe
1634 393 1644 411 ‚
1675 356 1710 402 si

332 440 419 467 non
440 420 695 483 concupivit
721 421 926 478 alienum,
941 440 1075 487 quare
1094 441 1223 487 super
1234 435 1390 470 terram
1410 426 1706 483 tenebrarum,

333 492 406 538 ubi
429 508 654 555 nunquam
677 491 857 538 fuerunt
876 531 887 549 ‚
915 511 1026 539 nova
1046 493 1203 539 srecula
1227 496 1496 541 construxit?
1523 497 1587 541 An
1611 495 1710 543 dic-

331 575 451 609 turus
484 575 543 608 est
579 581 589 607 ε
625 563 753 608 Prior
789 564 883 627 ipsa
919 582 1019 625 gens
1052 566 1331 612 tenebrarum
1356 583 1535 626 regnum
1562 584 1709 613 meum

326 635 609 698 concupivit,
634 634 755 698 quod
781 635 836 681 ab
855 635 927 681 illa
953 647 1043 681 erat
1064 636 1285 683 alienum?
1307 639 1421 697 Ergo
1436 637 1633 683 imitatus
1650 648 1711 683 est

325 716 492 766 gentem
522 705 798 750 tenebrarum
817 743 827 762 ,
857 717 905 751 ut
925 717 967 751 et
987 708 1076 769 ipse
1103 707 1432 769 concupisceret
1456 707 1624 753 aliena?
1643 708 1711 753 An

327 787 553 836 angustum
573 786 693 821 antea
719 775 861 822 fuerat
900 794 1080 837 regnum
1119 776 1261 823 lueis?
1287 777 1548 841 Optandum
1575 778 1708 838 igitur

326 858 417 893 erat
449 847 611 892 bellum
633 885 642 896 ,
685 858 734 893 ut
762 847 1056 911 acquireretur
1091 847 1143 892 de
1174 847 1353 893 victoria
1390 847 1576 893 latitudo
1613 865 1711 909 reg-

325 918 472 964 nandi.
513 917 644 975 Quod
674 918 706 963 si
734 919 906 963 bonum
931 929 1019 974 est,
1047 929 1088 963 et
1113 929 1211 964 ante
1238 919 1383 982 potuit
1417 919 1669 983 concupisci
1697 937 1707 964 z

324 990 395 1036 sed
417 990 728 1053 expectabatur
750 1000 798 1034 ut
821 1006 922 1049 gens
946 989 1118 1034 hostilis
1143 990 1187 1034 in
1216 989 1383 1035 bellum
1408 989 1530 1052 prior
1558 1007 1711 1036 erum—

324 1071 472 1124 peret,
501 1077 589 1123 quo
615 1059 735 1123 quasi
757 1059 917 1118 justius
944 1070 1275 1123 expugnaretur.
1307 1060 1351 1105 Si
1378 1071 1629 1106 autemnon
1650 1071 1712 1106 est

324 1132 511 1184 honum,
537 1147 670 1193 quare
687 1130 865 1176 inimico
888 1130 1029 1186 victo,
1056 1147 1188 1193 super
1213 1130 1396 1176 alienam
1422 1141 1577 1176 terram
1603 1148 1713 1176 cres-

327 1220 421 1247 cere
440 1202 578 1247 xoluit
598 1219 654 1246 re
644 1218 778 1257 ,gnum
801 1218 952 1258 suum,
974 1220 1075 1248 cum
1105 1202 1226 1265 prius
1248 1212 1476 1247 contentus
1498 1202 1583 1247 suis
1607 1202 1712 1247 fini-

328 1275 436 1320 lius.
428 1273 559 1336 plen
565 1290 586 1317 ι
604 1238 753 1317 felicit
755 1282 807 1316 [te
824 1289 849 1317 x
853 1272 1020 1318 ixisset?
1033 1272 1107 1318 scd
1124 1272 1291 1318 utinam
1305 1289 1331 1318 x
1335 1289 1403 1318 ere
1417 1272 1485 1318 isti
1504 1272 1533 1317 h
1539 1289 1601 1318 aec
1620 1272 1714 1335 ipsa

328 1355 549 1409 pr'aecepta
570 1344 672 1389 xitae
697 1343 876 1403 agendae
890 1360 1110 1408 ,quorum
1131 1355 1193 1389 est
1214 1361 1380 1399 unum,
1406 1360 1458 1389 ne
1474 1343 1712 1406 concupis-

330 1433 479 1461 camus
504 1415 690 1460 {lienum
711 1380 902 1471 ‚ovellent
929 1432 977 1460 ex
998 1414 1081 1460 illis
1100 1415 1253 1461 litteris
1277 1414 1486 1459 discere:
1517 1412 1713 1477 profecto

330 1497 706 1542 mansuescerent,
735 1497 776 1532 et
799 1486 924 1531 mites
948 1486 1238 1546 intelligerent
1260 1487 1386 1531 etiam
1402 1485 1474 1531 illa
1493 1495 1715 1549 praccepta

330 1560 433 1605 x‘itae
455 1557 770 1618 significandae,
799 1557 963 1621 quibus
987 1574 1135 1602 eorum
1160 1557 1349 1602 oblatrat
1376 1556 1573 1611 offensio,
1599 1555 1715 1601 ctilli

334 1641 439 1675 tunc
457 1629 639 1691 tempori
657 1627 928 1674 observanda
943 1628 1203 1688 congruisse2
1233 1628 1318 1673 Nos
1336 1637 1479 1672 autem
1494 1625 1715 1691 quomodo

334 1701 466 1747 Vetus
496 1701 824 1745 Testamentum
853 1709 1062 1763 tanquam
1105 1698 1290 1744 alienum
1328 1697 1682 1761 concupiscimus
1702 1734 1713 1753 ,

336 1790 437 1819 cum
456 1790 503 1819 ea
527 1771 736 1832 legamus,
755 1788 855 1834 quae
874 1771 918 1816 in
939 1772 1076 1831 figura
1097 1771 1411 1831 contingebant
1427 1769 1510 1815 illis
1525 1789 1536 1823 3
1554 1768 1717 1832 scripta

336 1855 437 1891 sunt
463 1854 607 1890 autem
630 1854 813 1907 propter
837 1860 913 1888 nos
934 1879 944 1899 ‚
973 1842 1016 1888 in
1043 1859 1152 1906 quos
1176 1843 1273 1888 finis
1297 1841 1557 1888 saeculorum
1579 1841 1718 1886 obve-

338 1915 431 1962 nit?
450 1915 565 1961 Puto
591 1914 713 1980 quod
732 1932 819 1960 non
843 1913 1118 1977 concupiscit
1136 1912 1323 1958 alienum
1347 1950 1357 1970 ,
1384 1912 1461 1976 qui
1483 1912 1569 1958 hoc
1586 1911 1714 1972 legit,

338 1986 457 2052 quod
480 1987 692 2051 scriptum
714 1997 778 2033 est
805 1996 990 2051 propter
1012 1985 1174 2049 ipsum.

388 2089 400 2111 ¹
424 2101 436 2120 1
457 2091 531 2122 Cor.
550 2100 581 2128 x,
604 2100 655 2121 11.
