1795 3253
320 281 337 334 ‘t
731 291 764 318 s.
812 289 1050 321 Arnrsrnw
1090 289 1290 321 'eviscovi

309 358 417 425 quid
445 356 552 403 milii
572 354 627 400 de
651 354 907 402 invenienda
931 374 981 401 ac
1000 355 1222 402 retinenda
1250 356 1430 402 veritate
1456 357 1683 412 videatur3

307 435 459 490 eujus.
498 426 685 479 utseis,
723 426 778 471 ab
813 425 987 472 ineunte
1026 426 1312 472 adolescentia
1348 444 1504 487 magno
1542 446 1686 474 :imore

309 500 597 560 flagravimus.
633 497 714 542 Sed
746 515 806 542 res
830 507 893 543 est
911 497 1037 557 longe
1066 508 1227 543 remota
1256 517 1276 542 a
1302 515 1510 544 vanorum
1537 498 1686 545 liomi-

308 589 412 618 num
445 569 679 619 mentibus,
715 569 790 631 qui
827 569 954 614 nimis
983 569 1029 614 in
1058 569 1155 614 haee
1197 569 1440 632 corporalia
1477 570 1687 633 progressi

309 655 437 705 atque
470 640 595 704 lapsi.
637 639 747 684 nihil
783 638 899 683 aliud
939 649 1095 702 putant
1124 657 1227 695 esse,
1272 656 1403 703 quam
1443 639 1561 703 quod
1597 640 1686 685 istis

307 714 500 777 quinque
522 709 752 756 notissimis
777 709 942 755 nuntiis
966 710 1161 772 corporis
1186 710 1376 756 sentiunt
1397 730 1407 763 ;
1434 721 1475 755 et
1498 728 1606 774 quas
1630 710 1686 754 al)

309 786 377 829 his
394 783 542 846 plagas
560 791 689 844 atque
706 779 911 839 imagines
930 790 1210 843 aeceperunt,
1231 797 1299 826 eas
1319 797 1463 826 seeum
1483 780 1658 827 volvunt
1673 818 1683 829 ,

306 856 432 900 etiam
467 869 566 897 cum
603 861 817 896 conantur
852 850 1047 896 recedere
1080 870 1101 896 a
1132 852 1349 904 sensilnis3
1384 863 1425 896 et
1462 870 1506 897 ex
1539 869 1685 897 earum

311 923 525 971 mortifera
547 933 585 968 et
608 921 880 967 ilillacissima
902 921 1046 980 regula
1068 922 1301 968 inetl'abilia
1323 922 1560 986 penetralia
1579 923 1688 967 wri-

305 996 403 1042 tatis
438 993 666 1039 ret-tissime
696 1009 737 1036 se
767 991 905 1036 metiri
943 1002 1115 1054 putant.
1154 992 1277 1038 ,Nihil
1309 1004 1370 1038 cst
1404 992 1590 1042 facilius,
1631 993 1687 1037 mi

308 1065 575 1113 charissime.
599 1079 730 1126 quam
756 1078 840 1107 non
864 1061 1002 1106 solum
1022 1062 1236 1108 sedicere.
1263 1063 1334 1107 sed
1366 1064 1494 1108 etiam
1518 1062 1688 1126 opinari

305 1154 455 1183 verum
504 1134 712 1179 invenisse
748 1149 759 1177 ε
794 1132 864 1177 sed
907 1149 1039 1195 quam
1077 1134 1216 1197 reipsa
1254 1133 1562 1179 dillicillimum
1600 1133 1684 1189 sit,

307 1224 527 1269 agnosces.
558 1215 605 1250 ut
624 1203 814 1259 conlido,
842 1204 910 1248 liis
934 1204 1084 1249 litteris
1110 1205 1226 1252 meis.
1262 1206 1373 1261 Quae
1398 1216 1446 1251 ut
1472 1206 1552 1251 tibi
1580 1222 1688 1268 pro-

305 1282 408 1332 sint,
437 1289 510 1323 aut
529 1287 644 1321 certe
670 1275 781 1320 nihil
803 1275 966 1329 obsint,
992 1276 1282 1340 omnibusque
1301 1277 1478 1323 omnino
1501 1293 1687 1338 quorum

305 1352 350 1397 in
380 1366 530 1396 manus
556 1347 663 1393 forte
693 1346 961 1402 devenerint,
991 1357 1033 1391 et
1062 1348 1208 1406 rogavi
1237 1349 1395 1404 Deum,
1423 1350 1620 1407 etsssog03
1649 1358 1689 1392 et

307 1438 431 1485 spero
456 1421 513 1465 ita
538 1418 644 1473 sore,
672 1418 703 1462 si
728 1417 838 1462 benc
861 1417 970 1462 mihi
991 1418 1190 1463 conscius
1211 1435 1324 1474 sum,
1350 1418 1469 1481 quod
1491 1419 1544 1464 ad
1566 1419 1686 1463 lnmc

304 1492 464 1556 stylum
488 1490 560 1553 pio
586 1500 627 1533 et
652 1487 842 1533 ollicioso
869 1487 1030 1542 animo,
1054 1505 1141 1533 nou
1167 1489 1269 1535 vani
1296 1489 1484 1535 nominis
1510 1489 1686 1553 appeti-

303 1565 420 1610 tione
441 1578 490 1607 ac
512 1559 750 1619 nugatoriae
773 1558 1071 1605 ostentationis
1096 1560 1267 1607 accessi.

371 1635 430 1679 ll.
475 1633 551 1677 list
581 1630 714 1690 igitur
746 1629 854 1674 mihi
881 1630 1183 1693 propositum,
1218 1641 1268 1676 ut
1295 1631 1480 1695 probem
1513 1631 1618 1687 tibi,
1653 1630 1687 1677 si

306 1704 485 1768 possim,
509 1700 629 1764 quod
660 1699 891 1744 Manichaei
922 1700 1124 1760 sacrilege
1157 1718 1205 1746 ac
1235 1712 1393 1747 temere
1424 1701 1689 1747 invehantur

305 1777 349 1822 in
376 1792 463 1825 eos,
489 1772 565 1836 qui
584 1770 814 1816 catholicae
844 1770 943 1814 lidei
967 1773 1266 1817 auctoritatem
1295 1782 1535 1835 sequentes,
1564 1784 1689 1818 ante-

305 1862 438 1910 quam
469 1841 579 1889 illud
602 1857 753 1887 verum
780 1839 898 1903 quod
921 1853 1190 1904 puramente
1211 1843 1498 1906 conspicitur,
1529 1843 1689 1889 intueri

307 1926 496 1981 queant,
524 1911 741 1959 credendo
765 1911 1145 1973 praemuniuntur,
1174 1923 1217 1958 et
1237 1913 1538 1960 illuminaturo
1575 1930 1688 1977 prae-

308 1995 520 2051 parantur
538 1986 643 2030 Deo.
672 1982 794 2028 Nosti
819 1982 952 2038 enim,
974 1984 1216 2040 Honorate,
1242 2001 1330 2030 non
1353 1984 1480 2030 aliam
1503 1985 1561 2030 ob
1579 2000 1689 2030 cau-

309 2074 398 2103 sam
416 2072 494 2101 nos
512 2055 558 2100 in
583 2052 688 2098 tales
706 2052 904 2098 homines
920 2052 1139 2110 incidisse,
1159 2054 1241 2100 nisi
1260 2054 1384 2118 quod
1404 2072 1445 2100 se
1462 2054 1686 2112 dicebant,

313 2125 495 2173 terribili
531 2123 790 2170 auctoritate
829 2132 1050 2185 separata,
1084 2140 1201 2169 mera
1231 2135 1274 2170 et
1303 2124 1492 2188 simplici
1525 2125 1690 2171 ratione

309 2215 380 2244 eos
409 2195 485 2259 qui
509 2211 550 2240 se
568 2193 718 2239 audire
741 2191 900 2238 vellent
919 2193 1249 2240 introducturos
1274 2194 1328 2240 ad
1358 2196 1519 2250 Deum,
1550 2205 1592 2240 et
1617 2212 1690 2240 er-

311 2286 406 2314 rore
439 2265 558 2312 omni
593 2264 864 2310 liberaturos
912 2263 1031 2320 Quid
1071 2265 1186 2310 enim
1224 2282 1292 2310 me
1331 2263 1451 2310 aliud
1486 2265 1686 2325 cogebat,

311 2356 444 2386 annos
466 2337 553 2383 fere
576 2351 751 2390 novem,
788 2345 931 2398 spreta
964 2334 1167 2395 religione
1197 2353 1298 2400 quae
1322 2336 1433 2382 mihi
1458 2336 1642 2400 puerulo
1667 2354 1691 2382 a

309 2408 565 2474 parentibus
589 2406 715 2452 insita
740 2404 877 2462 erat1,
905 2405 1102 2452 homines
1120 2406 1216 2452 illos
1244 2407 1365 2471 sequi
1390 2423 1439 2453 ac
1462 2406 1692 2467 diligenter

309 2479 476 2533 audire,
504 2476 585 2522 nisi
605 2474 726 2538 quod
746 2492 822 2521 nos
841 2476 1144 2539 superstitione
1163 2477 1329 2533 terreri,
1352 2487 1394 2522 et
1412 2476 1542 2522 fidem
1564 2476 1692 2522 nobis

309 2562 408 2597 ante
434 2548 644 2594 rationem
670 2546 877 2609 imperari
903 2546 1124 2602 dicerent3
1157 2565 1199 2595 sc
1228 2559 1371 2595 autem
1399 2546 1570 2596 nullum
1594 2563 1691 2612 pre-

357 2635 367 2656 Ι
387 2632 468 2664 Vide
485 2631 539 2663 lib.
561 2642 584 2661 x.
603 2628 743 2662 Confess.
761 2639 789 2662 c.
813 2640 865 2663 11.
887 2635 917 2661 et
938 2629 993 2661 lib.
1010 2640 1038 2670 v,
1056 2641 1085 2664 e.
1114 2637 1167 2668 14.
