1795 3253
278 284 450 316 CONTRA
484 284 688 317 rAusrnM
721 284 1021 326 MANICHAEL'M,
1061 285 1148 317 ΠΒ.
1189 286 1263 316 xx.
1372 269 1464 314 523}

94 359 289 395 mentum
321 361 383 396 est
418 351 686 408 refectionis,
729 368 819 396 non
855 361 1171 396 sacramentum
1210 349 1460 410 religionis:

31 447 44 453 =
95 420 178 466 nisi
212 421 332 484 quod
368 422 692 478 benedicimus,
721 422 960 484 gratiasque
1000 422 1166 481 agimus
1203 421 1393 468 Domino
1424 420 1469 464 in

96 492 216 537 omni
234 495 324 551 ejus
343 510 521 538 munere
535 531 545 550 ‚
567 511 653 539 non
672 493 811 539 solum
834 492 1016 555 spiritali
1031 529 1041 547 ,
1061 494 1340 538 verumetiam
1377 508 1469 536 cor-

96 562 250 625 porali.
273 562 406 608 Vobis
423 574 563 609 autem
578 581 656 627 per
672 563 866 609 fabulam
887 572 1068 608 vestram
1087 562 1131 608 in
1145 563 1249 608 escis
1268 561 1470 607 omnibus

99 632 298 678 Christus
310 633 466 693 ligatus
483 635 736 698 apponitur,
750 633 896 680 adhuc
912 632 1109 693 ligandus
1123 634 1271 678 vestris
1290 631 1473 676 visceri-

97 703 181 749 bus
198 741 209 760 ,
237 703 551 768 solvendusque
577 706 834 752 ructatibus.
860 706 971 750 Nam
989 715 1030 749 et
1049 720 1149 749 cum
1166 703 1438 750 manducatis
1458 738 1468 756 ‚

98 773 169 820 dei
191 775 322 820 Vestri
339 774 577 822 defectione
602 794 676 822 vos
693 775 897 829 reficitis;
922 786 964 820 et
989 791 1090 821 cum
1113 775 1303 834 digeritis
1322 811 1331 829 ,
1359 773 1475 818 illius

96 843 328 890 refectione
347 845 545 893 deficitis.
565 847 677 892 Cum
697 846 812 892 enim
830 862 908 891 vos
925 846 1075 909 plenos
1093 845 1236 890 reddit
1254 882 1264 900 ,
1280 860 1477 906 resump-

97 914 158 960 tio
177 925 317 960 vestra
339 915 485 978 ipsum
504 917 680 979 premit.
706 915 838 972 011οἀ
864 915 1041 979 quidem
1065 914 1371 959 miseiicordiae
1396 912 1476 957 de·-

98 995 348 1062 putaretur,
380 987 558 1049 quando
592 987 761 1050 aliquid
787 1004 867 1050 pro
901 986 1025 1032 vobis
1047 985 1213 1048 patitur
1247 985 1292 1029 in
1322 983 1472 1038 vobis,

99 1055 183 1100 nisi
203 1072 278 1101 vos
317 1073 463 1101 rursus
494 1057 641 1102 inanes
673 1057 957 1119 relinqueret,
986 1066 1035 1100 ut
1067 1073 1089 1100 a
1115 1055 1239 1100 vobis
1270 1054 1477 1099 liberatus

101 1126 316 1185 effugeret.
362 1126 595 1183 Quomodo
631 1144 731 1186 ergo
770 1143 998 1189 comparas
1035 1143 1192 1189 panem
1228 1135 1268 1170 et
1301 1123 1479 1169 calicem

101 1206 299 1241 nostrum
318 1233 328 1251 ,
354 1206 397 1241 et
417 1214 567 1259 parem
587 1197 836 1257 religionem
858 1196 966 1242 dicis
989 1212 1174 1241 errorem
1199 1195 1324 1254 longe
1348 1213 1371 1239 a
1402 1210 1479 1238 vc-

101 1266 227 1312 ritate
247 1266 482 1312 discretum
497 1287 507 1321 3
524 1271 648 1330 pejus
673 1267 885 1329 desipiens
900 1283 1030 1329 quam
1052 1265 1276 1319 nonnulli,
1297 1264 1381 1327 qui
1404 1280 1482 1307 nos

103 1347 287 1401 propter
307 1354 466 1400 panem
498 1348 540 1383 et
579 1338 757 1383 calicem
791 1336 990 1382 Cererem
1028 1353 1075 1382 ac
1103 1336 1310 1381 Liberum
1344 1333 1481 1379 colere

105 1407 378 1453 existimant?
423 1408 556 1464 Quod
596 1408 694 1454 ideo
732 1407 1164 1454 commemorandum
1205 1406 1386 1469 putavi,
1438 1414 1483 1448 ut

108 1478 340 1524 advertatis
373 1495 420 1524 ex
444 1496 531 1542 qua
565 1480 753 1525 vanitate
779 1479 926 1525 veniat
959 1479 1087 1523 etiam
1121 1477 1232 1522 illud
1267 1487 1480 1531 vestrum,

107 1547 227 1617 q‘uod
252 1559 435 1611 propter
479 1550 712 1595 sabbatum
753 1550 941 1594 Saturno
976 1548 1142 1593 dicatos
1182 1546 1310 1592 fuisse
1340 1556 1484 1609 patres

107 1629 276 1664 nostros
300 1619 476 1682 putatis.
509 1620 632 1665 Sicut
655 1619 769 1664 enim
796 1636 819 1663 a
850 1621 1003 1664 Cerere
1026 1628 1068 1662 et
1090 1617 1250 1663 Libero
1282 1618 1486 1675 Pagano-

109 1705 208 1735 rum
231 1688 313 1734 diis
331 1689 457 1748 longe
483 1690 710 1745 absumus,
739 1689 937 1752 quamvis
965 1689 1090 1752 panis
1109 1697 1151 1732 et
1174 1687 1320 1731 calicis
1341 1703 1486 1731 sacra-

110 1768 305 1804 mentum
321 1795 331 1814 ,
353 1759 472 1821 quod
491 1759 551 1804 ita
563 1758 768 1804 laudastis
784 1796 794 1813 ,
814 1759 922 1803 utin
937 1775 985 1803 eo
1006 1757 1132 1803 nobis
1148 1773 1272 1819 pares
1293 1773 1379 1801 esse
1406 1772 1487 1800 vo-

111 1828 278 1875 lueritis
293 1865 304 1884 ‚
326 1839 473 1874 nostro
494 1832 583 1873 ritu
612 1829 948 1891 amplectamur3
976 1828 1035 1872 ita
1053 1836 1195 1890 patres
1213 1826 1345 1871 nostri
1368 1825 1492 1883 longe

113 1899 291 1945 fuerunt
311 1916 334 1943 a
361 1898 626 1944 Saturniacis
647 1898 829 1953 catenis,
856 1897 1054 1961 quamvis
1069 1914 1151 1960 pro
1172 1907 1365 1959 tempore
1382 1911 1490 1958 pro—

114 1968 279 2032 phetiae
303 1968 475 2014 sabbati
499 1968 767 2013 vacationem
787 1967 1124 2013 observaverint.

181 2037 299 2085 XIV.
342 2038 426 2084 Sed
442 2055 521 2084 cur
538 2055 625 2084 non
642 2038 769 2083 etiam
793 2048 974 2101 propter
997 2037 1166 2100 Hylen,
1192 2053 1292 2099 quae
1314 2036 1355 2081 in
1376 2052 1489 2081 non-

116 2108 248 2154 nullis
283 2107 408 2154 libris
447 2108 721 2168 Paganorum
752 2107 1078 2171 frequentatur,
1104 2124 1254 2170 parem
1290 2123 1364 2151 vos
1389 2123 1491 2151 cum

118 2178 305 2237 Paganis
342 2177 592 2238 religionem
627 2178 789 2223 habere
824 2177 1014 2223 dixistis?
1053 2177 1263 2233 Quinimo
1307 2185 1489 2238 propter

119 2247 208 2293 boc
229 2247 442 2310 imparem
460 2247 673 2311 longeque
698 2247 946 2293 dissimilem
963 2246 1156 2293 voluistis
1168 2245 1348 2305 intelligi
1364 2283 1374 2299 ,
1391 2245 1494 2308 quia

121 2318 210 2364 boc
233 2318 407 2363 nomine
421 2318 523 2363 mali
539 2318 808 2382 principium
832 2335 881 2364 ac
900 2323 1101 2364 naturam
1115 2317 1342 2375 theologus
1360 2325 1496 2361 vester

124 2387 334 2451 appellat.
379 2389 432 2433 In
469 2405 557 2452 quo
580 2388 757 2452 quidem
797 2388 1014 2452 imperitia
1049 2399 1187 2435 vestra
1230 2403 1382 2445 magna
1416 2385 1497 2430 de-

124 2458 443 2522 prehenditur:
474 2459 574 2522 quia
608 2476 686 2504 nec
720 2459 827 2523 quid
858 2459 913 2504 sit
936 2459 1048 2521 Hyle
1071 2458 1217 2511 scitis,
1252 2467 1294 2501 et
1325 2456 1410 2500 1106
1435 2455 1492 2499 rei

126 2527 344 2574 vocabulo
364 2565 375 2583 ,
403 2545 536 2592 quam
573 2530 743 2593 penitus
780 2530 1011 2590 ignoratis,
1046 2529 1176 2575 etiam
1210 2526 1350 2572 inflari
1379 2525 1497 2571 velut

129 2597 248 2651 docti
273 2599 491 2647 affectatis.
521 2600 664 2664 Hylen
698 2616 884 2664 namque
918 2600 1088 2656 Graeci,
1121 2614 1223 2645 cum
1254 2596 1309 2642 de
1344 2606 1497 2642 natura
