1795 3253
303 295 478 326 CONTRA
513 295 715 326 FAUSTL‘M
747 291 1048 332 MANICHAEUM‚
1091 292 1175 322 [ΑΒ.
1219 293 1279 322 ΙΧ.
1387 278 1477 340 293

111 382 133 402 »
157 360 291 407 altum
310 377 474 424 sapere,
500 361 573 406 sed
592 361 693 406 time
716 377 726 405 :
747 375 848 404 nam
874 358 909 402 si
929 358 1043 403 Deus
1056 358 1327 403 naturalibus
1347 358 1476 404 ramis

111 453 132 474 »
155 449 241 478 non
257 431 472 495 pepercit,
498 448 635 495 neque
657 431 740 476 tibi
762 438 957 493 parcet».
986 428 1070 474 Sed
1083 446 1135 474 ne
1158 428 1210 474 de
1233 429 1337 492 ipsis
1360 429 1478 474 frac-

110 503 163 549 tis
181 503 447 566 desperetur,
473 504 605 566 paulo
622 512 722 566 post
738 501 846 548 dicit
864 518 874 545 :
905 520 925 541 «
941 501 994 545 Et
1017 500 1100 563 ipsi
1121 501 1155 545 si
1169 517 1254 545 non
1274 517 1476 563 perman-

108 594 129 614 »
153 573 283 618 serint
298 573 343 618 in
354 573 676 629 incredulitate,
697 574 937 618 inserentur
956 588 966 615 ε
985 580 1138 633 potens
1154 581 1217 615 est
1228 571 1342 615 enim
1362 572 1479 616 Deus

108 664 128 684 »
152 643 309 688 iterum
325 644 505 690 inserere
521 644 631 690 illos.
659 645 769 690 Nam
783 642 817 688 si
834 652 881 687 tu
906 658 953 686 ex
971 641 1156 687 naturali
1171 642 1332 687 excisus
1347 641 1478 686 oleas-

12 772 13 781 *
107 734 127 755 »
155 724 239 770 tm,
267 724 308 758 et
344 725 496 759 contra
518 724 717 760 naturam
742 713 925 758 insertus
946 729 987 757 es
1024 711 1071 756 in
1098 711 1262 756 bonam
1299 710 1476 767 olivam,

9 816 13 872 ἵ
105 805 125 825 »
148 794 312 847 quanto
349 785 482 844 magis
505 785 586 841 illi,
610 785 688 849 qui
713 783 953 830 secundum
988 793 1188 827 naturam
1211 792 1312 827 sunt
1331 819 1341 837 ,
1371 781 1479 827 inse-

7 888 9 917 ἐ
104 874 125 895 »
147 864 296 900 rentur
320 872 407 901 suae
426 855 551 902 olivae
569 859 587 902 9
608 877 628 898 »
647 858 760 901 Ecce
783 854 898 901 unde
930 853 1061 899 etiam
1088 853 1180 915 ipse
1201 852 1427 912 gloriatur,
1454 871 1479 898 a

3 928 8 1008 ΙΙ
100 922 294 970 fractura
323 924 534 971 liberatus
555 963 566 982 ‚
595 937 635 972 et
668 925 825 972 radicis
847 923 1107 988 pinguedini
1144 922 1353 968 redditus.
1390 922 1479 978 Qui

2 1046 3 1053 ἵ
100 1010 200 1053 ergo
218 994 262 1039 in
286 996 411 1040 vobis
427 1008 544 1053 sunt,
578 1014 689 1060 quos
707 996 807 1042 inde
839 995 966 1055 fregit
993 994 1217 1058 impietas,
1244 992 1418 1038 redeant
1436 1004 1478 1038 et

0 1057 2 1114 ἶ
100 1081 245 1109 rursus
269 1065 528 1114 inserantur.
555 1067 644 1123 Qui
672 1078 813 1113 autem
844 1082 1072 1129 nunquam
1093 1065 1157 1111 ibi
1180 1063 1374 1118 fuerunt,
1399 1079 1477 1108 ve-

97 1133 220 1180 niant
236 1152 258 1180 a
272 1136 459 1182 naturali
481 1137 701 1183 sterilitate
722 1137 915 1201 praecisi,
945 1136 1180 1200 participes
1208 1133 1478 1181 foecundita-

102 1204 152 1249 tis
175 1203 325 1252 futuri.
