1795 3253
291 265 384 323 448
721 281 754 311 s,
801 279 1040 312 Acces‘rrxl
1078 280 1279 311 EP15COP1

291 350 378 394 imo
399 346 507 393 illud
532 345 679 410 potius
702 364 787 393 esse
806 364 1074 412 consequens
1095 385 1106 403 ‚
1134 358 1183 393 ut
1209 348 1242 393 si
1261 346 1384 392 alteri
1404 346 1427 391 J
1435 346 1548 392 udaei
1572 363 1666 392 cre-

292 418 441 464 derent
463 456 473 472 ,
498 417 619 463 alteri
639 419 876 465 necessario
904 429 1196 483 repugnarent
1220 437 1230 463 t
1260 440 1280 460 ³>
1306 435 1393 464 non
1416 417 1566 481 utique
1597 416 1670 462 di-

293 507 407 535 ceres
423 527 432 538 ,
476 489 510 534 si
546 487 900 536 considerationis
938 489 1115 536 oculum
1155 489 1387 553 paululum
1425 487 1636 534 attolleres
1657 525 1667 543 ‚

290 560 526 623 orbemque
545 570 752 605 terrarum
773 561 863 605 sine
882 560 1173 606 contentionis
1192 560 1388 605 caecitate
1402 559 1674 622 conspiceres

291 631 335 675 in
357 629 609 675 hominibus
633 628 772 675 doctis
798 641 926 694 atque
947 629 1134 676 indoctis
1151 667 1161 685 ,
1187 630 1353 675 Graecis
1374 640 1415 675 et
1436 629 1639 675 Barbaris
1658 666 1669 683 ‚

291 701 559 764 sapientibus
579 710 619 745 et
641 700 946 764 insipientibus
964 739 972 748 .
994 701 1155 765 quibus
1178 718 1220 745 se
1240 699 1482 746 debitorem
1501 699 1677 746 dicebat

297 772 528 836 Apostolus
545 809 555 827 ,
580 782 620 817 et
635 772 776 834 Moysi
792 783 834 817 et
854 773 1030 817 Christo
1050 771 1177 817 simul
1193 771 1485 818 credentem&
1511 771 1554 816 Si
1575 787 1674 830 ergo

295 862 382 891 non
409 854 499 890 erat
533 843 762 890 verisimile
782 882 792 892 .
821 855 869 890 ut
892 848 913 889 J
921 844 1035 889 uda‘i
1067 843 1209 907 Moysi
1233 854 1272 889 et
1301 843 1479 889 Christo
1514 843 1678 906 pariter

295 915 518 962 crederent
539 935 549 969 ;
578 914 715 960 multo
738 915 880 960 minus
905 914 1134 961 verisimile
1152 925 1238 971 est,
1264 924 1311 960 ut
1332 914 1450 959 orbis
1469 924 1677 958 terrarum

296 987 337 1032 M
346 1003 389 1049 ο)
404 987 436 1032 si
463 997 504 1031 et
523 986 702 1031 Christo
727 986 891 1049 pariter
910 985 1073 1031 credat.
1096 990 1209 1031 (lum
1231 1002 1331 1032 vero
1353 984 1576 1030 videamus
1589 1000 1679 1028 om-

298 1075 368 1103 nes
395 1068 538 1118 gentes
565 1057 738 1120 utrique
772 1057 946 1102 credere
963 1094 974 1113 ‚
1018 1067 1059 1102 et
1099 1056 1214 1102 illius
1254 1055 1535 1120 prophetiam
1577 1071 1678 1099 cum

299 1127 531 1188 Evangelio
554 1128 688 1187 hujtls
709 1130 1034 1175 convenientem
1061 1127 1144 1173 fide
1170 1127 1467 1173 robustissima
1491 1137 1531 1171 et
1564 1125 1680 1171 cele-

296 1200 485 1245 berrima
512 1199 715 1255 retinere,
746 1217 833 1245 non
869 1199 923 1245 ad
962 1199 1126 1263 aliquid
1158 1198 1426 1262 impossibile
1460 1214 1561 1258 gens
1595 1214 1680 1243 una

295 1270 554 1323 x'ocabatun
578 1286 679 1315 cum
700 1269 737 1314 ei
760 1269 978 1315 diceretur
1003 1287 1013 1314 :
1036 1291 1052 1307 ‹-
1072 1271 1116 1315 Si
1135 1269 1365 1314 crederetis
1395 1268 1535 1331 Moysi
1553 1306 1563 1324 ‚
1592 1284 1682 1313 cre-

298 1364 318 1384 »
338 1342 492 1387 deretis
508 1351 548 1386 et
569 1341 679 1385 mihi
693 1341 730 1394 2;
750 1362 769 1382 >2
790 1341 1023 1405 potiusque
1040 1352 1102 1386 est
1117 1340 1315 1386 miranda
1333 1338 1684 1385 etvehementius

298 1412 514 1473 arguenda
536 1411 697 1458 duritia
717 1412 975 1458 Judaeorum
992 1450 1003 1469 ,
1027 1413 1102 1476 qui
1121 1412 1206 1457 hoc
1227 1429 1315 1458 non
1333 1410 1545 1467 fecerunt,
1563 1408 1683 1475 quod

301 1496 437 1530 totum
462 1483 679 1529 mundum
705 1483 852 1529 fecisse
877 1484 1188 1547 conspicimus.

364 1555 573 1601 xxvlll.
618 1554 728 1599 Nam
764 1553 985 1618 quidquid
1015 1554 1124 1599 dieis
1145 1554 1198 1599 de
1218 1554 1403 1599 sabbato
1421 1591 1432 1610 ‚
1459 1551 1571 1598 etde
1595 1552 1685 1597 cir-

299 1626 562 1672 cumcisione
587 1625 727 1669 carnis
742 1662 752 1680 ‚
778 1635 819 1669 et
837 1624 889 1670 de
907 1624 1146 1670 differentia
1164 1625 1385 1680 ciborum,
1405 1623 1533 1669 aliam
1557 1621 1685 1667 fuisse

305 1697 581 1743 traditionem
609 1698 705 1756 Mo>
720 1694 753 1738 si
776 1694 893 1739 aliud
913 1712 992 1757 per
1011 1695 1237 1739 Christum
1258 1694 1457 1739 didicisse
1476 1692 1687 1738 Christia-

300 1785 403 1820 nos3
425 1771 518 1826 jam
540 1781 672 1827 supra
698 1764 989 1820 ostendimus,
1016 1763 1119 1827 quia
1144 1764 1256 1809 sicut
1281 1763 1390 1810 dicit
1408 1762 1640 1827 Apostolus
1671 1781 1682 1808 :

303 1861 322 1879 «
343 1839 452 1885 Haec
477 1835 621 1881 onmia
647 1835 799 1894 figurae
824 1845 982 1880 nostrae
997 1834 1219 1882 fuerunt3.
1241 1857 1261 1875 »
1285 1835 1383 1880 ¹Non
1402 1852 1501 1894 ergo
1519 1834 1687 1879 diversa

304 1908 504 1955 doctrina
536 1916 628 1962 est,
662 1905 734 1951 sed
767 1905 986 1951 diversum
1017 1916 1199 1969 tempus.
1235 1905 1368 1952 Aliud
1405 1907 1519 1951 enim
1559 1916 1650 1951 erat
1670 1942 1682 1957 ‚

306 1997 395 2045 quo
418 1979 517 2025 haec
542 1977 774 2041 oportebat
794 1995 873 2040 per
898 1979 1104 2037 figuratas
1123 1977 1379 2041 prophetias
1399 1977 1688 2040 praenuntiari

305 2064 348 2098 et
372 2049 491 2097 aliud
514 2059 576 2093 est
594 2085 604 2104 ‚
632 2064 719 2111 quo
743 2047 841 2093 haec
863 2052 953 2108 jam
979 2058 1152 2112 oportet
1172 2066 1250 2112 per
1273 2048 1543 2093 manifestam
1573 2048 1688 2093 veri-

304 2134 435 2170 tatem
458 2119 759 2182 redditamque
778 2119 1023 2183 adimplesi.
1047 2119 1132 2166 Sed
1155 2119 1264 2184 quid
1286 2120 1465 2177 mirum,
1493 2120 1525 2165 si
1544 2119 1687 2165 Judaei

306 2192 536 2240 carnaliter
562 2190 847 2250 intelligentes
874 2192 1133 2248 sabbatum,
1161 2191 1338 2237 Christo
1355 2229 1365 2248 ,
1390 2192 1466 2255 qui
1485 2196 1576 2252 jam
1601 2191 1687 2236 hoc

307 2263 560 2329 spiritaliter
576 2261 828 2308 insinuabat
845 2301 855 2318 ‚
879 2266 1263 2327 repugnaverunt?
1290 2264 1358 2308 Tu
1383 2262 1587 2326 Apostolo
1606 2280 1689 2308 res-

308 2335 452 2400 ponde
475 2372 485 2391 ,
517 2333 550 2379 si
574 2343 696 2397 potes
715 2371 725 2389 ,
750 2335 826 2397 qui
846 2335 1114 2381 vacationem
1135 2334 1271 2399 ipsius
1289 2334 1375 2380 diei
1399 2335 1601 2381 umbram
1618 2333 1688 2380 su-

312 2408 395 2454 turi
424 2424 509 2452 esse
537 2404 759 2451 testatur&
803 2406 888 2452 Sed
922 2407 954 2452 si
982 2407 1045 2453 illi
1078 2408 1329 2453 restiterunt
1362 2407 1566 2459 Christo,
1602 2423 1688 2452 nou

308 2478 592 2538 intelligentes
612 2492 761 2522 verum
784 2477 1018 2524 sabbatum
1034 2516 1045 2532 ,
1069 2496 1146 2524 vos
1166 2478 1201 2524 ei
1227 2477 1359 2523 nolite
1385 2477 1575 2524 resistere
1596 2515 1607 2534 ‚
1648 2488 1690 2523 et

310 2550 533 2609 intelligite
547 2564 692 2594 veram
713 2547 1149 2597 innocentiam.Nani
1161 2567 1210 2596 eo
1224 2550 1320 2614 ipso
1333 2549 1448 2607 loco,
1471 2549 1550 2596 ubi
1570 2565 1691 2613 prae-

356 2630 690 2667 ’Rom.=.1.'..—-²
714 2634 810 2665 Joan,
827 2644 856 2668 v.
876 2634 989 2669 asn—
1011 2632 1025 2657 3
1051 2646 1061 2665 1
1083 2635 1158 2667 Cor.
1174 2646 1207 2670 x.
1232 2646 1258 2667 t.
1276 2632 1348 2658 ——4
1365 2634 1486 2666 coloss.
1506 2645 1540 2668 ιι,
1562 2645 1617 2673 ¹7·
