1795 3253
254 283 430 317 CONTRA
467 282 668 330 FAUSTUM
703 281 1006 322 MANIcuAELM,
1043 281 1132 314 Llss.
1174 283 1216 314 V.
1341 267 1432 331 259

61 367 195 415 quam
212 350 302 396 sitis
323 349 450 395 alieni
474 367 498 395 a
522 349 610 396 vita
633 358 810 405 aeterna,
839 365 971 412 quani
997 348 1214 412 promittit
1235 348 1436 395 Christus

61 421 145 468 illis
159 421 237 486 qui
259 420 444 467 credunt
462 420 506 467 in
539 438 652 468 eum.
691 420 747 466 At
769 419 884 466 enim
923 419 1030 465 dixit
1054 422 1181 466 Petro
1211 420 1436 466 confitenti

64 511 162 540 eum
177 493 333 538 Filium
351 492 430 538 Dei
451 511 461 538 :
478 494 669 538 «Beatus
683 510 740 548 e5‚
761 492 910 537 Simon
927 492 1113 551 Barjona
1126 491 1159 539 1.
1179 492 1438 555 »Numquid

63 564 161 610 ideo
176 563 288 609 nihil
301 563 519 627 promittit
537 564 612 619 eis,
635 563 712 627 qui
731 562 777 608 in
795 579 893 608 eum
915 561 1053 607 filium
1074 562 1264 607 hominis
1287 562 1440 608 crede-

65 646 177 692 rent,
204 652 304 680 cum
326 634 442 681 idem
462 635 553 699 ipse
572 636 626 680 sit
645 645 687 680 et
722 633 854 679 Filius
878 634 957 678 Dei
988 644 1030 678 et
1069 634 1182 679 silius
1215 634 1438 680 hominis?

68 706 213 752 Habes
229 706 358 751 etiam
379 717 524 770 aperte
547 706 680 751 vitain
709 715 912 750 aeternam
937 705 1195 768 promissam
1218 704 1440 750 credenti-

68 777 217 822 busin
237 777 377 822 fllium
403 777 606 825 hominis.
637 799 657 819 α
682 776 806 822 Sicut
822 776 1024 821 exaltavit
1041 813 1052 831 ‚
1089 776 1249 838 inquit,
1275 778 1443 838 Moyses

71 869 92 889 »
115 858 356 911 serpentem
382 847 428 893 in
450 865 614 904 eremo,
637 848 697 894 sic
721 857 893 911 oportet
915 846 1091 892 exaltari
1115 846 1271 892 Filium
1294 847 1444 892 homi-

75 940 96 961 »
121 919 203 974 nis,
233 929 281 964 ut
295 921 432 965 omnis
445 920 522 984 qui
535 918 767 966 crediderit
783 918 828 965 in
843 936 942 964 eum
970 935 1058 964 non
1074 928 1238 981 pereat,
1266 918 1338 963 sed
1364 918 1449 963 ha—

75 1011 97 1032 »
120 989 222 1036 beat
252 990 388 1037 vitam
416 1001 621 1036 aeternam
640 991 674 1037 2.
700 1012 720 1032 »
741 990 860 1047 Quid
876 989 1008 1036 vultis
1032 988 1247 1052 amplius?
1274 988 1449 1034 Credite

75 1078 174 1120 ergo
199 1061 244 1106 in
264 1060 403 1107 filium
428 1061 636 1118 hominis,
658 1072 705 1107 ut
723 1061 923 1106 habeatis
941 1061 1075 1107 vitam
1097 1071 1325 1115 aeterna1n3
1348 1060 1451 1124 quia

10 1189 14 1192 -
74 1131 165 1195 ipse
191 1143 253 1177 est
276 1143 318 1178 et
346 1132 479 1178 Filius
512 1133 593 1178 Dei
631 1133 706 1196 qui
741 1142 883 1196 potest
925 1131 1027 1178 dare
1057 1133 1191 1177 vitam
1216 1142 1449 1185 eeternam3

75 1203 175 1267 quia
193 1203 285 1267 ipse
307 1215 369 1249 est
384 1221 509 1251 verus
535 1205 650 1250 Deus
672 1215 714 1250 et
734 1204 821 1249 vita
845 1214 1005 1249 aeterna
1019 1242 1029 1260 ‚
1053 1205 1165 1249 sicut
1183 1204 1298 1249 idem
1314 1205 1453 1248 Joan-

75 1291 147 1319 nes
174 1274 234 1319 ait
256 1274 301 1319 in
340 1274 535 1338 Epistola
559 1292 633 1320 sua
648 1274 680 1322 3.
717 1275 805 1321 Ubi
829 1275 958 1320 etiam
1001 1275 1109 1320 dicit
1150 1274 1454 1320 antichristum

75 1361 179 1400 esse,
202 1345 280 1409 qui
294 1356 420 1405 negat
440 1345 666 1391 Christum
690 1346 735 1391 in
755 1363 882 1391 carne
905 1346 1079 1393 venisse.

141 1415 191 1462 V.
227 1415 350 1472 QUID
375 1434 473 1477 ergo
497 1434 573 1463 vos
600 1427 808 1480 tanquam
837 1416 889 1462 de
909 1417 1214 1463 mandatorum
1235 1421 1326 1477 ejus
1350 1434 1456 1480 pcr-

75 1484 258 1532 fectione
277 1488 451 1546 jactatis
468 1525 478 1544 ‚
524 1487 645 1551 quod
671 1505 719 1534 ea
747 1504 847 1551 quae
890 1487 934 1533 in
978 1487 1209 1548 Evangelio
1234 1497 1457 1550 praecepta

77 1567 176 1602 sunt
198 1558 467 1620 operamini?
487 1558 608 1615 Quid
629 1558 744 1604 enim
768 1558 841 1603 illa
880 1558 1149 1621 prodessent,
1188 1558 1266 1603 ubi
1289 1575 1375 1602 non
1395 1567 1458 1602 est

78 1627 182 1673 fides
207 1645 305 1674 vera
324 1665 334 1684 ‚
353 1629 480 1674 etiam
500 1630 534 1674 si
554 1646 651 1675 vere
670 1629 955 1693 implerentur
973 1648 996 1675 a
1016 1630 1173 1675 vobis?
1201 1629 1354 1674 Nonne
1375 1646 1456 1674 au—

78 1697 197 1744 distis
225 1699 483 1762 Apostolum
521 1699 762 1746 dicentem:
788 1721 807 1741 «
834 1699 880 1745 Si
904 1699 1163 1745 distribuam
1188 1700 1333 1745 omnia
1364 1716 1459 1745 mea

77 1791 98 1810 ›>
115 1769 401 1832 pauperibus,
429 1781 469 1816 et
489 1770 660 1816 tradam
676 1787 834 1834 corpus
857 1788 1001 1816 meum
1021 1781 1069 1816 ut
1082 1770 1253 1816 ardeam
1267 1807 1278 1825 ,
1306 1770 1457 1815 chari-

78 1861 98 1881 »
119 1851 247 1887 tatem
275 1851 418 1887 autem
442 1859 531 1887 non
546 1841 753 1897 habeam,
777 1842 891 1888 nihil
908 1841 1020 1887 mihi
1036 1840 1274 1905 prodestl‘?
1289 1862 1309 1882 2>
1336 1839 1457 1897 Quid

77 1928 176 1971 ergo
191 1928 266 1958 vos
284 1923 494 1976 tauquam
517 1912 570 1958 de
587 1913 823 1958 christiana
839 1923 1097 1976 paupertate
1128 1912 1318 1972 jactatis,
1351 1928 1454 1957 cum

78 1981 313 2028 christiana
330 1983 541 2030 charitate
558 1984 763 2030 careatis?
781 1983 957 2029 Habent
973 1984 1087 2028 enim
1110 1984 1221 2029 inter
1240 2000 1298 2038 se,
1324 1999 1457 2045 quam

84 2051 340 2098 charitatem
358 2064 532 2110 vocant,
555 2054 686 2099 etiam
706 2054 909 2111 latrones,
927 2054 1008 2100 sibi
1020 2054 1223 2100 debentes
1234 2053 1457 2099 facinoro-

79 2140 166 2169 sam
210 2123 554 2189 flagitiosamque
580 2125 887 2171 conscientiam
904 2163 914 2181 ‚
965 2125 1037 2171 sed
1073 2143 1161 2171 non
1195 2124 1455 2171 charitatem

78 2211 211 2257 quam
231 2195 508 2242 commendat
523 2196 768 2260 Apostolus.
800 2198 856 2242 Et
873 2207 922 2243 ut
939 2214 1032 2243 eam
1051 2215 1074 2242 a
1096 2196 1264 2242 caeteris
1284 2195 1457 2258 impro-

78 2263 236 2311 bandis
268 2266 635 2332 repudiandisque
666 2279 918 2324 secerneret‚
940 2268 1001 2313 ait
1038 2267 1120 2313 alio
1145 2267 1268 2313 loco:
1292 2287 1312 2307 «
1340 2266 1457 2311 Finis

79 2356 101 2378 »
119 2347 260 2382 autem
275 2337 487 2400 praecepti
503 2350 565 2382 est
581 2337 769 2383 charitas
780 2337 833 2384 de
849 2338 981 2384 corde
992 2356 1123 2402 puro,
1141 2349 1181 2384 et
1195 2337 1459 2383 conscientia

80 2429 101 2450 »
124 2409 263 2463 bona,
284 2418 325 2453 et
350 2407 436 2454 fide
456 2425 544 2454 non
566 2409 668 2454 ficta
696 2408 729 2455 5.
757 2429 778 2450 >³
802 2409 928 2455 Unde
955 2427 1054 2470 ergo
1090 2409 1253 2455 habere
1278 2407 1457 2471 potestis

77 2496 223 2527 veram
251 2477 509 2525 charitatem
533 2496 581 2525 ex
603 2478 689 2525 fide
719 2479 821 2525 ficta
850 2491 1093 2541 surgentem
1114 2482 1132 2526 Ρ
1171 2480 1260 2525 Aut
1278 2476 1456 2542 quando

126 2568 138 2591 ¹
168 2571 285 2604 Matth.
314 2582 384 2609 xv1‚
416 2582 467 2611 17.
493 2588 536 2595 —--
559 2567 575 2591 2
602 2571 703 2604 Joan.
732 2580 788 2613 111,
820 2573 872 2606 14.
889 2587 936 2594 -——
955 2566 970 2593 3
993 2580 1006 2601 1
1029 2572 1182 2608 Joan.1v‚
1201 2569 1232 2600 3.
1251 2563 1359 2606 -⁴‚1
1379 2565 1457 2599 Cor.

82 2635 157 2665 xm,
175 2626 206 2658 3.
222 2622 294 2650 -5
316 2637 330 2656 1
350 2623 435 2658 Tim.
454 2634 479 2663 1,
498 2623 532 2654 5.

1251 2690 1322 2736 17.
