1795 3253
329 300 504 332 CONTRA
536 302 736 333 FAus‘ruM
771 301 1072 343 MANICHAEUM,
1110 302 1197 333 Lm.
1238 304 1310 334 xx.
1416 287 1509 335 535

147 378 310 422 veram,
332 383 412 430 per
428 384 559 431 quam
582 386 660 414 nos
682 368 766 414 sibi
784 377 1069 432 peccatorum
1093 368 1338 414 remissione
1353 385 1509 414 recon-

146 433 309 482 ciliavit
327 438 372 483 in
390 438 566 484 Christo
584 440 605 484 ιΙ
612 457 685 486 esu
704 439 891 485 Domino
908 450 1071 496 nostro,
1090 443 1214 499 cujus
1238 439 1392 502 capitis
1417 457 1512 486 cor-

142 522 227 570 pus
256 508 426 554 effectos
449 509 596 556 fideles
621 510 780 556 Paulus
804 509 1038 574 alloquitur
1070 510 1243 563 dicens;
1269 531 1289 550 «
1315 510 1511 556 Obsecro

143 588 318 623 »autem
335 596 426 636 VOS,
449 579 617 638 fratres,
639 598 718 644 per
736 579 1079 626 misericordiam
1095 580 1192 636 Dei,
1215 579 1511 626 utexhibeatis

141 670 162 690 »
185 666 369 713 corpora
387 661 526 696 vestra
558 651 745 697 hostiam
772 652 917 698 vivam
934 688 944 707 ,
962 661 1156 696 sanctam
1171 688 1182 707 ,
1215 651 1308 695 Deo
1326 650 1509 713 placen-

140 742 160 762 »
174 721 302 769 tcm1.
323 744 343 764 »
360 722 444 768 Sed
461 723 697 769 Manichaei
709 739 891 786 corpora
908 721 1102 767 humana
1117 721 1345 785 opificium
1355 720 1510 767 dicunt

135 810 221 838 esse
245 793 381 852 gentis
402 794 678 840 tenebrarum
696 831 707 849 ,
729 804 771 839 et
800 810 990 838 carceres
1015 792 1178 856 quibus
1196 791 1336 838 victus
1360 791 1510 838 inclu-

136 865 205 908 sus
224 874 284 908 est
309 865 424 910 Deus
445 881 455 908 ε
478 864 594 909 unde
610 864 737 924 longe
761 862 880 909 aliud
903 863 1131 908 annuntiat
1152 862 1334 907 Faustus
1353 899 1363 917 ,
1390 861 1510 908 aliud

133 932 309 981 Paulus,
340 935 424 980 Sed
438 935 645 999 quoniam
662 934 857 997 quisquis
870 933 995 978 vobis
1009 931 1364 991 evangelizaverit
1382 949 1411 994 p
1421 949 1509 977 rae-

132 1014 197 1049 ter
217 1021 349 1068 quam
373 1005 491 1069 quod
517 1006 738 1069 accepistis
753 1042 763 1060 ,
801 1004 1031 1050 anathema
1062 1003 1116 1048 sit
1140 1002 1157 1030 2
1179 1019 1189 1046 :
1224 1018 1375 1047 verum
1400 1002 1510 1048 dicit

133 1074 335 1121 Christus
357 1076 402 1122 in
430 1077 565 1122 Paulo
581 1114 591 1132 ,
618 1076 847 1122 anathema
871 1076 925 1120 sit
952 1074 1222 1119 Manichaeus
1246 1073 1291 1118 in
1330 1074 1502 1121 Fausto.

192 1147 360 1193 XXIII.
395 1147 484 1203 Qui
519 1148 647 1193 etiam
681 1147 789 1192 dicit
821 1145 932 1191 nihil
958 1162 1035 1191 nos
1064 1154 1249 1189 mutasse
1285 1143 1339 1189 de
1366 1144 1507 1189 mori-

128 1215 211 1261 bus
225 1217 451 1272 Gentium,
477 1217 669 1263 nesciens
693 1216 801 1280 quid
824 1215 1040 1278 loquatur.
1072 1215 1184 1260 Cum
1225 1214 1339 1259 enim
1358 1217 1506 1274 justus

128 1302 175 1331 ex
211 1285 297 1331 fide
326 1287 501 1340 vivat53
538 1287 720 1350 finisque
748 1286 962 1349 praecepti
991 1286 1044 1330 sit
1071 1285 1260 1330 charitas
1287 1284 1340 1329 de
1376 1284 1506 1330 corde

68 1400 74 1405 ,
126 1373 257 1419 puro,
281 1366 322 1401 et
341 1357 603 1402 conscientia
623 1357 762 1411 bona,
800 1367 841 1400 et
861 1356 946 1401 fide
967 1372 1054 1400 non
1082 1355 1184 1400 ficta
1203 1353 1248 1407 [⁸3
1276 1365 1505 1399 maneant-

125 1444 209 1491 que
233 1427 287 1473 ad
305 1427 578 1473 formandam
609 1428 745 1473 vitam
771 1426 967 1472 fidelium
993 1427 1075 1472 tria
1097 1425 1213 1482 haec,
1240 1424 1364 1478 fides,
1388 1442 1499 1488 spes,

126 1497 328 1543 Charitas
353 1498 370 1526 5
399 1516 409 1543 :
440 1498 555 1544 unde
580 1498 672 1544 fieri
693 1508 834 1562 potest
859 1509 908 1543 ut
923 1515 1048 1561 pares
1072 1514 1173 1542 cum
1196 1496 1340 1559 aliquo
1364 1513 1502 1542 mores

122 1566 301 1623 habeat,
320 1569 397 1631 qui
412 1568 510 1614 haec
528 1569 610 1614 tria
626 1585 725 1614 cum
742 1568 816 1613 illo
836 1569 958 1631 paria
973 1585 1064 1613 non
1082 1567 1252 1613 habet?
1274 1567 1362 1624 Qui
1384 1566 1501 1612 enim

122 1637 241 1699 aliud
265 1639 405 1685 credit
419 1677 430 1696 ‚
449 1639 568 1685 aliud
588 1649 754 1703 sperat,
778 1638 897 1684 aliud
922 1650 1055 1695 amat,
1082 1655 1251 1684 necesse
1267 1648 1328 1683 est
1348 1649 1398 1683 ut
1417 1638 1500 1683 ali-

121 1718 185 1753 ter
211 1710 339 1756 vivat.
374 1710 430 1754 Et
470 1709 505 1754 si
530 1726 631 1755 usus
652 1708 943 1772 quarumdam
969 1725 1112 1754 rerum
1144 1708 1294 1753 similis
1328 1708 1500 1754 videtur

119 1778 245 1824 nobis
268 1796 354 1825 esse
370 1796 471 1824 cum
498 1780 730 1836 Gentibus,
764 1780 876 1825 sicut
908 1779 999 1824 cibi
1030 1790 1071 1824 et
1088 1789 1235 1842 potus,
1259 1789 1494 1835 tectorum,

118 1849 489 1905 vestimentorum,
510 1849 800 1905 lavacrorum,
819 1860 860 1895 et
878 1849 955 1913 qui
983 1866 1029 1894 ex
1049 1849 1204 1894 nostris
1221 1849 1496 1909 conjugalem

117 1918 253 1965 vitam
288 1929 468 1979 gerunt,
502 1935 684 1965 uxorum
722 1919 1050 1976 ducendarum,
1089 1930 1131 1965 et
1161 1919 1490 1977 habendarum,

116 1988 308 2035 filiorum
332 1989 664 2050 gignendorum,
679 1990 1028 2046 nutriendorum,
1049 1989 1452 2036 haereditandorum
1472 2009 1481 2036 :

115 2058 242 2120 longe
267 2071 411 2105 tamen
433 2059 555 2105 aliter
570 2060 639 2106 his
663 2060 791 2106 rebus
822 2061 985 2117 utitur,
1019 2060 1097 2124 qui
1128 2060 1182 2105 ad
1202 2060 1335 2106 alium
1361 2061 1491 2107 finem

115 2146 243 2176 usum
261 2147 414 2176 earum
449 2130 600 2186 refert3
628 2142 669 2176 et
690 2131 813 2177 aliter
831 2132 908 2196 qui
930 2149 977 2177 ex
996 2131 1065 2176 his
1100 2132 1191 2176 Deo
1209 2131 1362 2191 gratias
1383 2132 1486 2191 agit,

114 2199 167 2246 de
186 2217 274 2265 quo
294 2218 429 2264 prava
448 2212 490 2246 et
505 2200 609 2246 falsa
634 2218 723 2246 non
754 2201 905 2249 credit.
939 2201 1063 2247 Sicut
1095 2201 1209 2246 enim
1237 2201 1280 2246 in
1299 2201 1395 2264 ipso
1417 2218 1488 2246 er·-

112 2286 208 2316 rore
230 2281 390 2326 vestro,
418 2287 519 2316 cum
544 2289 592 2317 eo
610 2288 723 2335 pane
743 2271 976 2317 vescamini
994 2288 1081 2335 quo
1100 2272 1246 2317 caeteri
1267 2272 1483 2328 homines,

111 2351 153 2387 et
168 2340 387 2387 fructibus
403 2342 557 2388 vivatis
581 2353 622 2387 et
644 2341 860 2398 fontibus,
879 2342 976 2388 lana
990 2353 1031 2388 et
1045 2342 1135 2388 lino
1154 2343 1346 2387 similiter
1372 2353 1484 2388 texto

111 2411 403 2468 amiciamini,
428 2430 507 2459 nec
533 2413 579 2458 in
604 2413 672 2459 his
690 2423 833 2459 tamen
866 2431 1015 2477 parem
1039 2413 1198 2459 ducitis
1221 2413 1371 2467 vitam,
1396 2431 1484 2459 non

110 2480 229 2527 aliud
251 2481 435 2538 edendo,
458 2494 533 2529 aut
557 2483 775 2539 bibendo,
801 2495 874 2529 aut
892 2484 1131 2541 induendo,
1151 2483 1221 2529 sed
1249 2483 1365 2529 aliud
1391 2502 1483 2530 sen-

156 2581 168 2603 ¹
195 2584 288 2614 Rom.
312 2593 373 2621 ΧΠ,
396 2594 426 2616 ι.
450 2601 495 2606 ——
527 2582 542 2604 ²
570 2584 674 2615 Galat.
700 2595 721 2619 ι,
753 2596 786 2626 9.
805 2601 850 2607 ——
872 2580 1356 2624 ³R0m.1,17.—⁴1'1‘ii.1‚
1379 2585 1411 2617 5,
1435 2603 1478 2608 —

108 2631 123 2655 ⁵
143 2645 156 2665 1
172 2635 245 2668 Cor.
266 2645 340 2673 xm,
361 2637 412 2666 13.
