1795 3253
335 285 429 332 218
759 301 792 330 s,
837 300 1081 330 At‘eusrixi
1118 300 1321 330 muscom

331 368 363 413 si
385 377 525 413 autem
552 364 805 415 habebant,
833 366 1028 411 meliores
1051 377 1186 412 erant.
1212 366 1281 412 Tu
1303 378 1445 414 autem
1479 384 1580 414 cum
1602 367 1710 416 dicis

331 455 417 483 non
439 436 566 482 fuisse
594 437 714 484 tales.
741 437 862 499 qnasi
886 442 1051 501 pejores
1073 437 1236 500 aliquas
1261 438 1378 484 credi
1398 439 1537 503 cupis.
1564 445 1709 487 Posses

330 508 472 554 dicere
493 508 621 553 etiam
650 507 886 556 silentium.
912 510 1030 572 quod
1055 509 1113 553 sie.
1137 519 1197 553 est
1222 509 1416 567 auribus,
1447 523 1494 557 ut
1518 511 1709 558 tenebrae

330 578 467 625 oculis
485 617 495 635 ,
533 580 677 642 aliqua
701 578 762 623 ibi
787 579 916 625 surda
950 580 1014 626 xel
1040 591 1158 625 muta
1186 581 1386 627 animalia
1415 583 1606 642 genuisse
1627 599 1638 628 ι
1662 593 1709 629 ut

328 668 428 696 cum
451 650 530 696 tibi
555 650 790 703 diceretur,
816 668 902 696 non
925 669 1009 696 esse
1037 651 1227 714 aliquam
1246 662 1444 698 naturam
1467 653 1702 710 silentium,

328 721 634 785 responderes:
656 721 739 768 Sed
763 740 851 768 non
876 722 957 769 tale
981 723 1197 768 silentium
1214 760 1224 779 ,
1259 724 1388 787 quale
1412 723 1486 770 hic
1507 725 1641 770 nosti:
1659 735 1707 771 ut

327 793 504 838 omnino
531 793 651 856 quod
677 793 803 839 velles
834 794 997 840 diceres
1030 795 1105 844 eis,
1132 810 1241 858 quos
1271 795 1399 840 semel
1431 805 1478 841 ut
1501 796 1582 841 tibi
1611 813 1707 842 cre-

326 864 478 910 derent
511 864 762 928 decepisses.
790 866 1052 930 Quanquam
1081 865 1125 910 id
1153 865 1272 929 quod
1304 883 1402 911 eum
1435 866 1623 922 induxit,
1659 877 1706 913 ut

325 935 370 980 in
402 935 587 981 tenebris
617 937 829 1000 serpentia
854 948 953 982 nata
983 954 1068 982 esse
1094 938 1376 998 confingeret,
1404 938 1448 983 in
1473 938 1576 1001 ipsis
1603 938 1706 1001 qui-

323 1005 420 1052 dem
437 1007 689 1071 primordiis
707 1009 973 1054 nascentium
993 1008 1140 1072 potuit
1159 1009 1270 1053 bene
1291 1008 1590 1055 animadverti.
1619 1007 1706 1054 Sed

321 1089 424 1123 sunt
443 1091 658 1142 serpentes
675 1079 750 1144 qui
779 1091 862 1126 tam
882 1090 1006 1125 acute
1023 1079 1189 1135 vident,
1209 1090 1251 1125 et
1270 1080 1330 1125 sic
1348 1080 1578 1143 praesentia
1595 1079 1705 1126 lucis

321 1148 530 1206 exultant,
554 1161 602 1196 ut
625 1151 924 1211 gravissimum
951 1151 1244 1197 testimonium
1266 1161 1416 1196 contra
1437 1166 1537 1195 eum
1561 1150 1704 1197 dicere

322 1219 565 1268 videantur.
589 1222 757 1267 Deinde
770 1223 814 1268 in
835 1223 958 1286 aquis
972 1223 1164 1268 natantia
1180 1223 1306 1268 facile
1325 1222 1409 1268 fuit
1428 1222 1501 1268 hic
1518 1222 1699 1279 discere,

319 1300 361 1335 et
389 1290 444 1336 ad
474 1292 547 1338 illa
570 1293 799 1339 transferre
823 1293 1155 1356 phantasmate-,3
1180 1295 1239 1339 sic
1262 1305 1304 1339 et
1326 1293 1371 1339 in
1391 1293 1528 1339 ventis
1549 1292 1703 1339 volan-

319 1361 396 1418 tia,
423 1364 631 1426 quoniam
664 1364 799 1425 hujus
827 1365 1045 1411 crassioris
1069 1365 1180 1411 aeris
1204 1364 1417 1429 impulsus
1438 1365 1482 1410 iu
1501 1381 1587 1428 quo
1606 1381 1702 1411 aves

317 1433 518 1492 volitant,
542 1446 697 1482 ventus
726 1436 891 1482 dicitur
911 1454 921 1481 :
946 1436 991 1482 in
1014 1437 1111 1497 igne
1132 1453 1233 1482 vero
1259 1435 1563 1500 quadrupedia
1587 1436 1703 1482 unde

316 1504 376 1551 illi
395 1507 554 1566 fingere
574 1509 617 1554 in
639 1519 825 1554 mentem
842 1509 1007 1554 venerit
1025 1508 1184 1554 nescio.
1207 1509 1263 1553 Et
1283 1519 1426 1553 tamen
1440 1524 1528 1553 non
1540 1507 1701 1553 frustra

316 1576 403 1622 boe
435 1577 559 1632 dixit,
597 1578 671 1625 sed
705 1597 860 1643 parum
888 1579 1091 1635 attendit,
1127 1590 1169 1625 et
1198 1580 1357 1625 erravit
1391 1579 1533 1626 nimis.
1574 1579 1700 1625 Hanc

313 1647 427 1692 enim
459 1649 669 1694 rationem
691 1650 828 1695 solent
852 1650 1049 1705 reddere,
1079 1649 1199 1713 quod
1223 1649 1530 1714 quadrupedes
1549 1649 1699 1696 edaces

314 1717 415 1773 sint,
443 1729 483 1764 et
506 1720 552 1764 in
578 1721 866 1766 concubitum
892 1721 1078 1766 multum
1108 1721 1316 1767 ferveant.
1349 1721 1432 1766 Sed
1459 1721 1586 1766 multi
1610 1721 1699 1766 bo-

311 1789 446 1835 mines
475 1789 689 1836 edacitate
724 1808 800 1836 sua
832 1801 1038 1854 superant
1068 1791 1308 1854 quemlibet
1335 1791 1693 1855 quadrupedem,

313 1859 388 1922 qui
404 1870 518 1906 certe
534 1860 713 1924 bipedes
731 1872 847 1917 sunt,
868 1877 977 1925 quos
996 1879 1083 1907 non
1105 1862 1231 1922 ignis,
1257 1862 1330 1908 sed
1353 1862 1461 1908 sumi
1479 1879 1566 1908 esse
1585 1862 1697 1908 filios

311 1931 432 1978 dicit.
464 1932 700 1978 Anseribus
718 1950 819 1979 vero
842 1950 928 1978 non
953 1932 1079 1979 facile
1103 1932 1345 1996 quidquam
1369 1932 1544 1978 edacius
1568 1933 1695 1979 inve-

311 2002 431 2048 nitur
453 2020 590 2067 :quos
617 2004 704 2050 sive
728 2004 773 2049 in
796 2004 918 2050 fumo
936 2015 1090 2067 ponat,
1115 2003 1217 2067 quia
1245 2003 1426 2067 bipedes
1448 2013 1577 2057 sunt;
1606 2004 1694 2050 sive

306 2074 351 2119 in
376 2074 516 2138 aquis,
536 2075 639 2138 quia
664 2086 809 2121 natare
829 2086 1004 2129 amant;
1033 2076 1120 2121 sive
1148 2076 1192 2121 in
1213 2076 1368 2131 ventis,
1389 2074 1491 2139 quia
1512 2075 1693 2138 pennati

308 2155 425 2199 sunt,
447 2155 488 2190 et
508 2145 727 2192 interdum
757 2145 906 2193 volant
924 2164 934 2191 t
955 2146 1008 2192 ad
1033 2147 1174 2206 ignem
1201 2156 1315 2192 certe
1336 2145 1577 2192 secundum
1600 2149 1693 2206 ejus

307 2214 629 2261 distinctionem
652 2233 740 2262 non
762 2217 995 2281 pertinent.
1029 2216 1161 2274 Quod
1181 2227 1325 2263 autem
1356 2216 1508 2262 attinet
1533 2216 1587 2262 ad
1609 2216 1693 2262 fer-

307 2302 453 2332 vorem
475 2287 756 2345 concubitus,
785 2288 915 2334 credo
943 2305 1041 2334 eum
1072 2287 1423 2334 animadvertisse
1445 2287 1690 2334 hinnientes

303 2374 455 2421 equos,
491 2368 531 2403 et
563 2375 679 2422 saepe
717 2360 867 2405 morsis
898 2360 1028 2406 frenis
1059 2370 1206 2424 raptos
1238 2359 1282 2420 in
1313 2358 1546 2405 foeminas:
1568 2358 1688 2422 quod

306 2429 653 2475 animadversum
672 2429 777 2476 dum
796 2431 890 2476 vult
904 2431 992 2477 cito
1010 2431 1215 2479 scribere.
1236 2447 1321 2476 non
1340 2430 1525 2476 attendit
1538 2446 1687 2493 passe-

303 2517 392 2546 rem
422 2501 706 2564 parietinum,
732 2502 775 2547 in
807 2506 930 2562 cujus
959 2502 1285 2565 comparatione
1307 2501 1450 2566 quivis
1474 2501 1687 2548 admissa-

302 2571 391 2618 rius
416 2571 717 2632 frigidissimus
742 2574 974 2621 invenitur.
1013 2573 1199 2638 Bipedes
1222 2589 1323 2619 vero
1358 2573 1403 2618 in
1437 2572 1560 2619 fumo
1584 2589 1685 2619 cum

302 2642 357 2688 ab
374 2643 432 2689 eis
455 2641 670 2707 quaeritur
696 2661 830 2708 quare
855 2644 1139 2699 ordinaverit,
1172 2642 1433 2708 respondent
1461 2643 1622 2690 elatum
1642 2654 1685 2691 et
