1795 3253
399 285 453 315 DE
490 285 717 316 L‘TlLiTATss
753 288 993 321 CREDENDJ.
1036 293 1118 323 Lm.
1165 294 1191 324 1.
1437 299 1489 345 19

120 364 209 399 tum
244 356 334 399 est?
371 351 452 398 Sed
495 351 658 398 scilicet
686 352 1055 412 intelligentissimi
1093 358 1410 415 adolescentes,
1450 374 1491 408 et

117 424 214 469 miri
238 424 454 469 rationum
473 422 760 486 exploratores
777 461 788 479 ‚
817 442 905 470 non
923 427 1106 473 evolutis
1132 430 1279 478 saltem
1305 433 1388 479 illis
1413 434 1489 480 tit-

117 495 213 540 teris
230 532 240 551 ‚
262 511 349 541 non
368 494 557 558 quaesitis
575 493 808 553 magistris,
836 513 923 541 non
944 497 1214 561 aliquantum
1239 514 1381 550 nostra
1407 515 1491 551 tar·

114 565 248 612 ditate
265 576 463 612 accusata
481 602 492 621 ‚
520 582 606 610 non
624 564 810 629 denique
827 566 893 612 vel
914 567 1123 615 mediocri
1141 572 1272 617 corde
1289 590 1490 621 concesso

114 637 171 683 eis
208 637 285 700 qui
318 636 531 697 ejusmodi
567 636 730 682 litteras
760 654 838 699 per
873 648 1014 684 totum
1049 641 1200 687 orbem
1237 654 1325 689 tam
1357 645 1488 705 longo

114 717 307 771 tempore
349 706 453 767 legi,
504 706 736 763 custodiri,
778 709 1042 773 tractarique
1078 711 1337 792 voluerunt3
1379 717 1492 762 nihil

111 778 229 842 apud
249 777 344 823 illos
361 776 628 823 credendum
651 778 928 841 putaximus,
949 797 1096 826 eorum
1120 783 1195 845 qui
1214 783 1302 830 istis
1323 785 1490 833 inimici

108 848 334 928 infestique
352 858 451 894 sunt
475 865 580 894 voce
603 849 840 899 commoti.
865 850 983 914 apud
1010 869 1117 915 quos
1142 852 1246 900 falsa
1263 855 1490 919 pollicita-

110 920 224 966 tione
247 919 423 965 rationis
441 919 635 965 inaudita
659 920 794 966 millia
817 903 1066 969 fibularum
1094 924 1267 972 credere
1290 936 1330 972 et
1349 927 1489 974 coiere

108 1007 372 1051 cogeremur.

174 1062 292 1108 MV.
335 1060 418 1107 Sed
443 1078 561 1107 nunc
579 1061 696 1125 quod
717 1062 882 1109 institui
902 1081 1110 1127 peragam
1129 1102 1140 1121 ‚
1164 1067 1196 1111 si
1220 1084 1395 1130 possum
1413 1107 1422 1125 ,
1446 1081 1489 1115 et

109 1132 168 1178 sic
188 1131 307 1196 apud
332 1143 374 1178 te
397 1150 544 1194 agam,
568 1144 614 1178 ut
635 1133 764 1179 fidem
783 1134 1048 1180 catholicam
1067 1151 1153 1180 non
1178 1136 1352 1182 interim
1383 1156 1491 1202 ape-

108 1204 216 1250 riam
232 1241 242 1261 ‚
263 1202 334 1249 sed
359 1203 410 1250 ad
431 1203 665 1250 scrutanda
683 1208 773 1264 ejus
796 1222 949 1264 magna
969 1206 1168 1268 mysteria
1183 1244 1194 1261 ‚
1224 1207 1281 1253 eis
1301 1225 1490 1271 quorum

109 1275 265 1320 animae
280 1275 365 1320 sibi
389 1291 506 1320 curae
525 1285 624 1321 sunt
645 1312 654 1331 ‚
679 1292 797 1338 spem
820 1275 957 1321 divini
977 1277 1143 1322 fructus
1161 1289 1202 1323 et
1221 1278 1492 1326 inveniendae

107 1345 296 1391 veritatis
320 1346 559 1392 ostendam.
591 1347 726 1391 ‘Nemo
753 1346 1040 1392 dubitateum
1060 1348 1133 1410 qui
1154 1366 1295 1395 ieram
1325 1350 1489 1410 1111910-

107 1434 203 1463 nem
223 1417 426 1480 requirit,
453 1428 526 1463 aut
546 1421 636 1477 jam
663 1417 837 1463 credere
866 1418 1155 1465 immoitalem
1189 1437 1274 1464 esse
1300 1421 1489 1467 animam

107 1488 177 1534 cui
197 1488 337 1551 prosit
363 1487 435 1534 illa
466 1488 618 1548 religio
637 1525 647 1543 ‚
677 1499 750 1533 aut
770 1489 897 1534 etiam
925 1488 1118 1551 idipsum
1137 1489 1183 1534 in
1213 1490 1360 1535 eadem
1384 1491 1488 1537 reli-

106 1559 232 1619 gione
255 1558 361 1604 velle
391 1558 595 1605 invenire.
632 1559 802 1604 Animae
826 1559 958 1618 igitur
984 1577 1110 1605 causa
1138 1561 1277 1606 omnis
1302 1561 1450 1621 religio
1472 1582 1483 1609 ε

106 1647 205 1676 nam
233 1629 427 1693 corporis
462 1640 617 1674 natura
648 1646 827 1692 quoquo
861 1628 991 1675 modo
1023 1647 1064 1676 se
1097 1630 1281 1688 habeat,
1322 1632 1487 1680 nullam

108 1718 256 1748 curam
281 1718 330 1747 ac
348 1699 685 1747 sollicitudinem
712 1699 870 1746 incutit
887 1701 924 1746 ei
940 1738 950 1757 9
983 1701 1222 1764 pra-*sertim
1246 1713 1343 1766 post
1368 1721 1488 1750 mor-

109 1782 190 1818 tem
211 1809 222 1828 ,
257 1776 381 1833 eujus
409 1773 551 1818 anima
579 1773 762 1818 tenuerit
788 1790 875 1836 quo
904 1773 1026 1819 beata
1052 1774 1118 1821 sit.
1156 1775 1326 1821 Animae
1356 1777 1487 1837 igitur

107 1861 234 1890 causa
252 1846 320 1891 vel
342 1844 472 1891 solius
488 1844 557 1892 vel
584 1845 764 1890 maxime
783 1862 882 1890 vera
901 1882 911 1901 ‚
939 1845 971 1891 si
999 1863 1085 1909 qua
1111 1857 1194 1901 est,
1219 1847 1366 1907 religio
1384 1866 1486 1894 con-

107 1917 256 1961 stituta
273 1928 348 1962 est.
383 1918 490 1962 flaec
515 1928 659 1962 autem
682 1917 824 1961 anima
839 1953 850 1970 ‚
880 1915 1027 1962 videro
1046 1934 1176 1980 quam
1199 1918 1257 1963 ob
1281 1936 1452 1964 causam
1467 1957 1478 1974 ‚

106 1995 147 2031 ct
167 1985 519 2033 obscurissimum
541 2005 627 2032 esse
645 1988 876 2042 confiteor,
900 1997 1012 2032 errat
1031 1997 1173 2032 tamen
1188 2005 1238 2033 ac
1253 1988 1381 2034 stuita
1400 2000 1478 2045 est,

108 2067 156 2102 ut
171 2056 389 2114 videmus,
416 2057 555 2103 donec
574 2056 842 2120 adipiscatur
870 2057 1171 2121 percipiatque
1196 2059 1450 2121 sapientiam
1466 2097 1478 2116 ‚

106 2137 147 2172 et
164 2127 341 2172 fortasse
357 2129 450 2190 ipsa
469 2137 530 2172 est
549 2144 646 2172 vera
674 2127 834 2187 religio.
862 2129 976 2174 Num
999 2139 1039 2174 te
1056 2128 1107 2174 ad
1128 2128 1297 2175 fabulas
1326 2130 1479 2177 mitto?

107 2213 211 2244 num
238 2197 401 2262 aliquid
426 2215 534 2258 cogo
563 2209 600 2243 te
634 2208 788 2244 temere
825 2199 1026 2245 credere)
1059 2200 1258 2247 Animam
1292 2212 1480 2248 nostram

107 2269 206 2316 dico
226 2287 370 2316 errore
391 2287 439 2316 ac
463 2269 643 2316 stultitia
665 2270 873 2316 irretitam
899 2282 943 2317 et
970 2271 1206 2318 demersam
1228 2310 1238 2329 ,
1278 2273 1388 2319 viam
1407 2311 1417 2329 ‚
1448 2274 1480 2319 si

106 2356 192 2403 qua
218 2351 303 2397 est,
326 2357 520 2403 quaerere
552 2341 757 2387 veritatis.
800 2341 845 2387 Si
864 2342 1011 2388 hocin
1031 2353 1070 2388 te
1102 2360 1190 2388 non
1208 2353 1294 2398 est,
1325 2343 1379 2389 da
1402 2362 1478 2389 ve-

105 2411 247 2468 niam,
273 2421 314 2456 et
332 2411 597 2476 participare
618 2429 787 2458 mecum
805 2450 816 2468 ‚
842 2430 1014 2477 quaeso,
1042 2414 1294 2477 sapientiam
1323 2425 1441 2460 tuam
1465 2433 1476 2460 :

107 2482 172 2528 sin
189 2481 234 2528 id
257 2481 377 2546 quod
402 2481 500 2528 dico
519 2484 712 2543 agnoscis
728 2484 774 2530 in
794 2495 834 2530 te
851 2522 861 2541 ,
885 2484 1014 2531 simul
1030 2486 1211 2531 obsecro
1233 2502 1481 2549 quaeramus

105 2567 270 2600 Verum.

170 2624 263 2672 XV.
304 2623 418 2673 Puta
441 2642 519 2673 nos
541 2624 688 2673 adhuc
707 2627 924 2674 neminem
951 2627 1119 2675 audisse
1139 2627 1384 2691 cujuspiam
1408 2645 1480 2674 re-

1302 2717 1343 2748 9.
