1795 3253
330 267 384 314 18
732 282 767 312 s.
811 282 1054 313 AUGcs‘rIM
1091 280 1289 312 muscoet

322 365 410 394 non
434 346 678 406 intelligunt
696 384 705 402 ‚
728 357 801 392 aut.
818 363 896 392 cur
911 384 921 401 ,
945 357 1020 392 aut
1042 347 1218 392 omniuo
1238 344 1383 409 qualia
1404 356 1527 401 sunt,
1549 361 1703 409 quam·

325 418 389 463 xis
407 416 656 478 jacentibus
681 416 861 472 similia,
891 416 1066 463 subtilia
1095 427 1236 462 tamen
1271 415 1610 476 intelligentibus
1634 427 1703 462 at-

324 506 407 552 que
426 488 572 533 divina
594 525 604 543 ,
628 505 784 547 magno
806 487 970 550 impetu
1001 487 1207 532 orationis
1236 485 1562 550 maledictisque
1584 487 1704 533 lace-

324 569 465 605 rantes
484 596 494 614 ,
518 560 618 621 quia
650 558 708 603 eis
730 557 919 621 imperiti
950 557 1168 621 plaudunt
1188 595 1199 613 ,
1229 556 1392 619 aliquid
1423 574 1464 602 se
1496 558 1704 620 proficere

325 631 593 676 existimant?
617 627 844 691 Quidquid
864 638 925 673 est
943 665 952 677 ,
975 628 1083 672 mibi
1105 627 1230 673 erede
1248 664 1259 682 ,
1280 627 1326 672 in
1344 626 1580 690 Scripturis
1598 627 1701 683 illis,

325 699 460 745 altum
485 710 525 744 et
551 698 748 744 divinum
775 709 837 744 est
861 716 871 742 z
900 699 1006 744 inest
1031 698 1207 744 omuino
1235 698 1388 744 veritas
1406 734 1417 753 ,
1444 709 1485 743 et
1504 699 1705 744 reficien-

324 769 388 816 dis
416 768 788 832 instaurandisque
808 768 960 814 animis
980 767 1430 814 accommodatissima
1448 767 1701 831 disciplina3

323 851 365 886 et
390 839 515 904 plane
540 840 594 886 ita
624 840 900 893 modificata,
927 850 975 885 ut
994 856 1119 885 nemo
1145 837 1245 884 inde
1272 838 1446 884 haurire
1465 854 1551 884 nou
1570 839 1707 902 possit

323 911 440 976 quod
475 911 557 956 sibi
589 911 690 957 satis
721 921 806 966 est,
845 911 876 956 si
903 910 1033 956 modo
1066 910 1120 956 ad
1149 909 1440 956 hauriendum
1478 908 1631 955 devote
1654 925 1704 956 ac

322 984 412 1047 pie,
436 993 483 1028 ut
501 1000 598 1027 vera
619 981 764 1042 religio
786 982 942 1045 poscit.
965 980 1155 1027 accedat.
1181 980 1311 1037 Quod
1333 991 1378 1025 ut
1400 980 1478 1025 tibi
1498 980 1702 1043 probem,

324 1054 470 1099 multis
494 1053 734 1098 rationibus
755 1063 795 1098 et
820 1052 1010 1112 longiore
1030 1052 1224 1097 oratione
1245 1068 1356 1114 opus
1375 1061 1450 1097 est.
1479 1050 1704 1110 Agendum

322 1125 435 1170 enim
473 1135 613 1169 teeum
651 1124 771 1187 prius
806 1134 893 1178 est,
943 1134 991 1169 ut
1028 1137 1224 1169 auctores
1262 1123 1377 1185 ipsos
1415 1139 1501 1168 uon
1535 1121 1701 1178 oderis,

322 1194 479 1240 deinde
505 1206 551 1240 ut
574 1212 686 1239 ames
709 1212 718 1239 :
742 1205 783 1240 et
803 1194 889 1240 boc
920 1194 1131 1254 agendum
1165 1194 1320 1257 quovis
1347 1193 1430 1239 alio
1464 1192 1594 1238 modo
1618 1210 1706 1256 po·-

322 1267 431 1323 tius,
453 1282 582 1329 quam
610 1265 874 1328 exponendis
897 1282 1045 1310 eorum
1072 1264 1290 1310 sententiis
1313 1275 1354 1310 et
1375 1264 1539 1311 litteris.
1565 1265 1705 1327 Prop-

322 1349 435 1383 terea
459 1336 559 1400 quia
583 1336 614 1381 si
637 1336 861 1396 Yirgilium
887 1336 1123 1381 odissemus
1141 1374 1151 1392 ,
1185 1336 1273 1381 imo
1299 1336 1333 1381 si
1357 1353 1443 1381 non
1465 1352 1561 1380 eum
1583 1335 1706 1398 prius

321 1426 450 1472 quam
489 1406 731 1452 intellectus
754 1418 858 1453 esset
890 1411 1102 1467 majorum
1135 1418 1385 1452 nostrorum
1421 1405 1706 1452 commenda-

322 1479 437 1524 tione
458 1477 732 1537 diligeremus
750 1515 760 1532 ,
788 1495 1012 1540 nunquam
1032 1478 1157 1522 nobis
1178 1477 1277 1522 satis
1302 1478 1422 1523 fieret
1443 1477 1496 1523 de
1513 1476 1596 1522 illis
1615 1480 1705 1536 eJ'us

323 1548 636 1613 quoestionibus
662 1547 1057 1592 innumerabilibus
1074 1584 1084 1602 ,
1107 1547 1270 1610 quibus
1301 1547 1584 1592 Grammatici
1612 1546 1705 1606 agi-

323 1619 406 1664 tari
433 1629 474 1664 et
504 1617 746 1681 perturbari
781 1617 941 1670 solent;
982 1634 1060 1662 nec
1098 1616 1346 1662 audiremus
1380 1616 1593 1671 libenter,
1629 1616 1706 1680 qui

324 1706 423 1735 cum
452 1693 542 1749 ejus
559 1688 685 1734 laude
702 1687 795 1734 illas
821 1687 1039 1751 expediret
1057 1708 1068 1741 ;
1089 1687 1162 1733 sed
1189 1689 1223 1733 ei
1244 1688 1508 1742 faveremus,
1532 1688 1608 1751 qui
1627 1705 1706 1751 per

323 1777 391 1806 eas
413 1759 534 1805 illmn
560 1778 716 1805 errasse
738 1776 787 1804 ae
817 1759 1017 1805 delirasse
1047 1771 1281 1805 conaretur
1311 1758 1546 1805 ostendere.
1576 1760 1705 1805 Nunc

323 1848 425 1876 vero
450 1848 547 1876 eum
578 1848 646 1876 eas
670 1830 794 1875 multi
821 1847 870 1875 ae
892 1830 1005 1875 varie
1032 1847 1111 1893 pro
1133 1847 1210 1876 suo
1241 1830 1423 1894 quisque
1441 1840 1572 1893 captu
1597 1846 1705 1892 ape-

323 1902 409 1947 rire
446 1911 681 1955 conentur,
716 1900 784 1946 bis
814 1901 1087 1964 potissimum
1121 1900 1372 1964 plauditur,
1410 1917 1488 1964 per
1518 1917 1705 1962 quorum

325 1972 628 2035 expositionem
650 1970 800 2016 melior
816 1972 1034 2016 invenitur
1050 1976 1184 2034 poeta
1202 2008 1212 2026 ,
1235 1971 1309 2034 qui
1328 1988 1414 2016 non
1435 1970 1574 2015 solum
1593 1969 1706 2015 nibil

324 2059 551 2106 peccasse,
593 2041 664 2087 sed
701 2042 810 2088 nibil
847 2059 935 2087 non
972 2041 1254 2088 laudabiliter
1285 2042 1508 2090 cecinisse,
1553 2040 1609 2086 ab
1649 2040 1707 2086 eis

328 2114 457 2159 etiam
498 2113 574 2176 qui
613 2112 735 2158 illum
775 2130 862 2158 non
906 2113 1181 2173 intelligunt,
1225 2112 1430 2158 ereditur.
1478 2113 1629 2174 ltaque
1662 2110 1707 2156 in

328 2182 649 2248 quaestiuncula
669 2183 870 2242 magistro
888 2182 1106 2228 deficienti
1122 2221 1132 2231 .
1159 2194 1199 2229 et
1218 2182 1325 2246 quid
1348 2181 1602 2245 respondeat
1621 2198 1709 2226 non

328 2254 534 2309 habenti,
559 2270 857 2299 succensemus
878 2254 1046 2317 potius,
1078 2271 1206 2317 quam
1240 2253 1364 2299 illum
1398 2264 1568 2298 mutum
1603 2252 1708 2297 vitio

329 2325 522 2371 Maronis
547 2335 766 2388 putamus.
799 2325 895 2370 Jam
923 2325 957 2370 si
985 2324 1038 2370 ad
1076 2324 1367 2370 defensionem
1393 2341 1514 2369 suam
1547 2339 1710 2386 pecca-

330 2406 422 2441 tum
446 2396 550 2441 tanti
572 2395 758 2441 auctoris
779 2413 957 2440 asserere
982 2395 1165 2440 x‘oluerit
1183 2432 1194 2452 ,
1223 2394 1290 2441 xix
1317 2394 1432 2457 apud
1458 2410 1557 2439 eum
1581 2392 1711 2439 disci-

331 2466 426 2531 puli
449 2466 513 2512 vel
534 2465 646 2512 datis
672 2465 942 2511 mercedibus
968 2466 1267 2512 remanebunt.
1295 2466 1521 2522 Quantmn
1546 2474 1637 2509 erat
1663 2473 1712 2509 ut

333 2535 515 2583 similem
540 2535 884 2582 benevolentiam
911 2536 1208 2600 praeberemus
1231 2535 1290 2582 eis
1307 2572 1318 2592 ,
1355 2552 1428 2599 per
1451 2551 1561 2599 quos
1582 2533 1711 2581 locu-

334 2618 428 2653 tum
448 2623 533 2652 esse
552 2607 768 2671 Spiritum
787 2617 982 2653 sanctum
1003 2617 1091 2653 tam
1110 2606 1317 2654 diuturna
1343 2615 1551 2652 vetustate
1566 2605 1712 2651 firma-
