1795 3253
234 309 410 340 CONTRA
446 310 648 340 FAUSTUM
685 309 989 351 ΜΑΝΙΕΗΜΜ,
1031 311 1119 342 LIB.
1162 312 1253 343 xxi.
1355 298 1446 353 545

73 373 252 437 ciperet,
279 374 419 437 qualis
457 391 543 420 esse
575 374 730 420 debeat
756 375 947 420 virorum
973 376 1014 420 in
1046 393 1210 433 uxores,
1235 394 1280 423 cx
1307 379 1446 425 anima

74 445 255 490 amantis
273 446 459 508 sumpsit
478 445 736 508 exemplum.
765 466 783 486 «
807 446 895 501 Qui
919 445 1076 505 diligit,
1096 447 1256 509 inquit,
1275 465 1446 493 uxorem

72 535 93 556 n
113 532 252 570 suam,
280 532 321 560 se
345 515 489 578 ipsum
515 515 685 575 diligit:
731 532 855 560 nemo
896 517 1009 561 enim
1055 534 1246 579 unquam
1275 536 1447 564 carnem

75 607 94 628 »
119 602 241 631 suam
278 585 379 631 odio
407 586 570 641 habet,
598 585 671 631 sed
695 586 833 631 nutrit
878 597 918 631 et
960 586 1075 632 fovet
1110 604 1203 632 eam
1245 599 1450 652 tanquam

77 678 98 697 »
125 656 327 701 Christus
364 656 603 701 Ecclesiam
630 655 663 703 4.
692 678 712 697 »
750 656 862 701 Ecce
882 656 926 701 in
952 669 1189 720 conspectu
1228 669 1368 704 vestro
1391 670 1453 704 cst

72 725 254 772 carnalis
288 726 490 771 universa
523 726 764 771 substantia
783 763 793 781 ‚
821 726 965 772 Videte
991 728 1362 790 quemadmodum
1406 730 1448 774 in

73 813 202 842 omne
225 796 386 842 animal
421 796 505 843 sibi
527 796 581 842 ad
607 796 787 842 salutem
808 797 1091 843 conciliatum
1116 798 1347 861 pertendat
1372 817 1450 844 na-

75 876 183 912 turae
218 868 298 912 ista
328 867 582 912 communio
602 904 612 923 ‚
651 878 699 912 ut
730 866 881 927 diligat
911 884 1086 913 carnem
1110 885 1246 915 suam.
1297 870 1448 932 Neque

73 937 188 982 enim
206 937 292 983 hoc
306 937 351 982 in
364 936 625 982 hominibus
644 948 812 983 tantum
827 949 904 994 est,
929 938 1007 1001 qui
1026 955 1127 983 cum
1148 950 1262 984 recte
1278 940 1449 992 vivunt,

75 1024 163 1052 non
185 1006 323 1053 solum
350 1007 587 1053 consulunt
613 1007 740 1054 saluti
765 1009 906 1054 carnis
924 1025 1031 1064 suae,
1050 1009 1333 1054 verumetiam
1352 1027 1453 1054 car—

75 1077 189 1124 nales
212 1089 356 1124 motus
388 1077 442 1124 ad
472 1095 600 1123 usum
622 1079 800 1124 rationis
825 1079 1033 1124 edomant
1050 1089 1091 1123 et
1115 1079 1357 1133 refrenant3
1387 1080 1459 1125 sed

75 1149 205 1195 etiam
240 1150 390 1195 bestiae
418 1148 593 1208 fugiunt
634 1148 846 1205 dolorem,
874 1149 1111 1195 formidant
1144 1150 1384 1207 interitum,
1417 1162 1459 1196 et

75 1219 294 1282 quidquid
311 1219 430 1265 illam
452 1219 749 1265 membrorum
775 1237 1029 1282 compagem
1048 1220 1339 1284 copulamque
1364 1238 1456 1266 car-

75 1291 142 1336 nis
170 1301 212 1335 et
234 1290 412 1353 spiritus
448 1308 469 1334 a
489 1290 695 1335 concordi
716 1293 922 1349 junctura
946 1289 1140 1349 disjicere
1180 1307 1228 1335 ac
1259 1291 1461 1337 dirimere

76 1371 237 1424 potest,
253 1371 418 1425 quanta
437 1360 582 1406 valent
608 1359 796 1419 agilitate
822 1360 1017 1406 devitant
1035 1398 1045 1414 ‚
1068 1362 1302 1407 nutrientes
1323 1363 1454 1407 etiam

75 1432 182 1495 ipsae
196 1448 246 1477 ac
260 1431 453 1477 foventes
464 1448 637 1476 carnem
659 1447 796 1477 suam.
823 1452 844 1472 α
859 1431 996 1476 Nemo
1008 1431 1118 1476 enim
1142 1448 1335 1495 unquam
1358 1452 1451 1478 car-

77 1524 98 1544 »
114 1519 212 1548 nem
230 1518 351 1547 suam
374 1501 644 1556 odiohabet‚
667 1501 740 1547 sed
759 1501 920 1555 nutrit,
946 1501 1106 1564 inquit,
1131 1520 1178 1547 ac
1202 1502 1316 1548 fovet
1334 1522 1446 1560 eam,

77 1596 97 1615 n
116 1574 229 1619 sicut
260 1583 301 1618 et
336 1573 535 1618 Christus
558 1571 808 1618 Ecclesiam.
837 1572 1018 1617 »Videte
1041 1573 1172 1628 unde,
1194 1591 1281 1637 quo
1302 1592 1453 1620 ascen-

76 1644 192 1690 derit
210 1662 220 1689 :
235 1644 486 1698 intuemini,
503 1643 536 1688 si
556 1643 752 1706 potestiS‚
780 1660 911 1705 quani
930 1645 1016 1688 vim
1033 1643 1167 1688 ducat
1190 1662 1212 1688 a
1246 1646 1451 1692 Creatore

76 1725 292 1770 creatura,
322 1714 378 1759 ab
396 1713 500 1776 ipsis
517 1713 768 1758 coelestibus
793 1713 1080 1775 apparatibus
1108 1730 1241 1777 usque
1271 1715 1326 1760 ad
1352 1734 1452 1763 car-

76 1802 175 1832 nem
185 1795 226 1830 et
239 1783 491 1843 sanguinem
502 1782 794 1829 universitatis
814 1782 1087 1846 plenitudine
1100 1785 1326 1831 terminata
1336 1824 1347 1842 ,
1359 1786 1453 1833 for-

77 1872 249 1901 marum
273 1854 476 1902 varietate
490 1852 709 1909 decorata,
737 1869 881 1898 rerum
903 1853 1109 1913 gradibus
1129 1854 1341 1903 ordinata.

141 1927 266 1974 VIII.
311 1926 479 1971 Rursus
515 1924 628 1970 idem
663 1923 921 1987 Apostolus,
961 1942 1061 1970 cum
1097 1925 1150 1970 de
1185 1927 1455 1989 spiritalibus

77 1997 254 2043 diversis
278 1995 558 2049 muneribus,
583 2004 625 2040 et
644 2005 789 2040 tamen
813 1994 868 2040 ad
889 1995 1097 2041 unitatem
1122 1998 1338 2055 consonis,
1362 2017 1453 2047 reni

75 2068 206 2131 plane
228 2084 429 2127 magnam
453 2076 494 2111 et
518 2065 711 2112 divinam
745 2076 785 2111 et
818 2065 1013 2111 abditam
1052 2083 1129 2112 nos
1164 2067 1358 2125 doceret,
1397 2071 1451 2118 de

76 2139 157 2184 ista
180 2137 274 2201 ipsa
296 2153 424 2182 carne
443 2146 589 2182 nostra
617 2135 946 2182 similitudinem
978 2136 1099 2182 dedit
1117 2175 1126 2192 ‚
1154 2142 1280 2198 cujus
1309 2142 1448 2187 artifi-

78 2225 171 2254 cem
191 2208 358 2263 Deum‚
393 2224 496 2253 cum
528 2206 627 2252 haec
655 2205 904 2270 loqueretur
922 2243 932 2260 ,
966 2206 1142 2253 omnino
1172 2226 1260 2254 non
1289 2212 1441 2259 tacuit.

79 2278 213 2336 Quod
236 2278 314 2324 etsi
335 2277 514 2338 longum
551 2288 637 2333 est,
666 2287 811 2323 tamen
842 2278 946 2341 quia
971 2278 1095 2324 valde
1131 2282 1414 2328 necessarium
1431 2321 1442 2340 ‚

79 2360 220 2396 totum
243 2349 389 2413 ipsum
410 2348 560 2395 locum
581 2365 628 2393 ex
649 2351 738 2408 ejus
764 2348 819 2394 ad
835 2348 1089 2394 Corinthios
1116 2350 1311 2412 Epistola
1334 2352 1440 2399 huic

78 2421 200 2484 operi
226 2437 294 2465 me
317 2419 498 2465 inserere
524 2436 611 2464 non
642 2419 824 2481 pigebit.
865 2440 886 2460 «
909 2420 972 2464 De
1000 2419 1268 2483 spiritalibus
1302 2434 1445 2470 autem

80 2513 101 2534 ›>
121 2491 222 2538 nolo
245 2507 320 2538 vos
342 2490 557 2551 ignorare,
578 2489 727 2536 fratres
751 2508 760 2535 :
785 2490 901 2537 scitis
919 2490 1094 2554 quando
1122 2492 1276 2538 Gentes
1290 2495 1415 2540 eratis
1430 2533 1441 2551 ‚

82 2564 112 2603 »²
123 2561 176 2608 ad
201 2560 430 2607 simulacra
447 2561 536 2607 sine
557 2577 664 2606 voce
692 2559 914 2624 quomodo
942 2560 1235 2608 ascendebatis
1257 2564 1441 2612 inducti.

131 2644 140 2666 ¹
159 2641 276 2686 Ephes.
300 2653 331 2683 v,
355 2643 412 2674 28.
428 2660 473 2666 -
489 2642 504 2664 ²
533 2654 543 2673 1
566 2643 638 2676 Cor.
656 2653 716 2683 xii,
744 2654 773 2677 1.

215 2710 374 2740 cxxxv.
1270 2701 1328 2745 :35
