<?xml version="1.0" encoding="UTF-8"?>
<!DOCTYPE html PUBLIC "-//W3C//DTD XHTML 1.0 Transitional//EN"
    "http://www.w3.org/TR/xhtml1/DTD/xhtml1-transitional.dtd">
<html xmlns="http://www.w3.org/1999/xhtml" xml:lang="en" lang="en">
 <head>
  <title>
</title>
<meta http-equiv="Content-Type" content="text/html;charset=utf-8" />
  <meta name='ocr-system' content='tesseract 3.04.00' />
  <meta name='ocr-capabilities' content='ocr_page ocr_carea ocr_par ocr_line ocrx_word'/>
</head>
<body>
  <div class='ocr_page' id='page_1' title='image "./operaomniaaccura28auguuoft/operaomniaaccura28auguuoft_0567.png"; bbox 0 0 1795 3253; ppageno 0'>
   <div class='ocr_carea' id='block_1_1' title="bbox 271 252 1475 315">
    <p class='ocr_par' dir='ltr' id='par_1_1' title="bbox 271 252 1475 315">
     <span class='ocr_line' id='line_1_1' title="bbox 271 252 1475 315; baseline 0.005 -24"><span class='ocrx_word' id='word_1_1' title='bbox 271 261 444 293; x_wconf 78' lang='lat' dir='ltr'>CONTRA</span> <span class='ocrx_word' id='word_1_2' title='bbox 482 262 682 293; x_wconf 72' lang='lat' dir='ltr'>FAUSTIJM</span> <span class='ocrx_word' id='word_1_3' title='bbox 716 261 1017 304; x_wconf 75' lang='lat' dir='ltr'>MANlcnAEUM,</span> <span class='ocrx_word' id='word_1_4' title='bbox 1057 264 1143 294; x_wconf 76' lang='lat' dir='ltr'>mn.</span> <span class='ocrx_word' id='word_1_5' title='bbox 1186 265 1277 298; x_wconf 63' lang='lat' dir='ltr'>xxh</span> <span class='ocrx_word' id='word_1_6' title='bbox 1384 252 1475 315; x_wconf 77' lang='lat'>557</span> 
     </span>
    </p>
   </div>
   <div class='ocr_carea' id='block_1_2' title="bbox 102 325 1496 2505">
    <p class='ocr_par' dir='ltr' id='par_1_2' title="bbox 102 325 1496 2505">
     <span class='ocr_line' id='line_1_2' title="bbox 107 325 1477 393; baseline 0.005 -21"><span class='ocrx_word' id='word_1_7' title='bbox 107 325 338 390; x_wconf 84' lang='lat' dir='ltr'>quodlibet</span> <span class='ocrx_word' id='word_1_8' title='bbox 365 328 523 374; x_wconf 92' lang='lat' dir='ltr'>horum</span> <span class='ocrx_word' id='word_1_9' title='bbox 555 327 707 373; x_wconf 90' lang='lat' dir='ltr'>melius</span> <span class='ocrx_word' id='word_1_10' title='bbox 740 327 900 385; x_wconf 80' lang='lat' dir='ltr'>dicite,</span> <span class='ocrx_word' id='word_1_11' title='bbox 942 329 1022 374; x_wconf 85' lang='lat' dir='ltr'>erit</span> <span class='ocrx_word' id='word_1_12' title='bbox 1059 342 1205 393; x_wconf 84' lang='lat' dir='ltr'>postea</span> <span class='ocrx_word' id='word_1_13' title='bbox 1233 331 1477 392; x_wconf 80' lang='lat' dir='ltr'>diligentior</span> 
     </span>
     <span class='ocr_line' id='line_1_3' title="bbox 108 396 1475 465; baseline 0.004 -23"><span class='ocrx_word' id='word_1_14' title='bbox 108 396 420 451; x_wconf 86' lang='lat' dir='ltr'>consideratio;</span> <span class='ocrx_word' id='word_1_15' title='bbox 459 397 563 443; x_wconf 90' lang='lat' dir='ltr'>dum</span> <span class='ocrx_word' id='word_1_16' title='bbox 589 408 733 443; x_wconf 89' lang='lat' dir='ltr'>tamen</span> <span class='ocrx_word' id='word_1_17' title='bbox 758 408 895 444; x_wconf 89' lang='lat' dir='ltr'>vester</span> <span class='ocrx_word' id='word_1_18' title='bbox 921 415 1041 444; x_wconf 81' lang='lat' dir='ltr'>error</span> <span class='ocrx_word' id='word_1_19' title='bbox 1068 399 1137 445; x_wconf 91' lang='lat' dir='ltr'>ille</span> <span class='ocrx_word' id='word_1_20' title='bbox 1162 400 1351 458; x_wconf 76' lang='lat' dir='ltr'>tollatur,</span> <span class='ocrx_word' id='word_1_21' title='bbox 1387 420 1475 465; x_wconf 92' lang='lat' dir='ltr'>quo</span> 
     </span>
     <span class='ocr_line' id='line_1_4' title="bbox 107 466 1474 531; baseline 0.004 -19"><span class='ocrx_word' id='word_1_22' title='bbox 107 466 251 513; x_wconf 86' lang='lat' dir='ltr'>dicitis</span> <span class='ocrx_word' id='word_1_23' title='bbox 271 468 358 514; x_wconf 90' lang='lat' dir='ltr'>duo</span> <span class='ocrx_word' id='word_1_24' title='bbox 377 468 597 531; x_wconf 86' lang='lat' dir='ltr'>principia</span> <span class='ocrx_word' id='word_1_25' title='bbox 613 468 799 514; x_wconf 88' lang='lat' dir='ltr'>duarum</span> <span class='ocrx_word' id='word_1_26' title='bbox 822 479 1097 526; x_wconf 85' lang='lat' dir='ltr'>naturarum,</span> <span class='ocrx_word' id='word_1_27' title='bbox 1117 471 1247 517; x_wconf 82' lang='lat' dir='ltr'>bonae</span> <span class='ocrx_word' id='word_1_28' title='bbox 1263 483 1305 517; x_wconf 91' lang='lat' dir='ltr'>et</span> <span class='ocrx_word' id='word_1_29' title='bbox 1324 474 1474 527; x_wconf 83' lang='lat' dir='ltr'>malae3</span> 
     </span>
     <span class='ocr_line' id='line_1_5' title="bbox 106 537 1469 601; baseline 0.004 -18"><span class='ocrx_word' id='word_1_30' title='bbox 106 548 147 583; x_wconf 90' lang='lat' dir='ltr'>et</span> <span class='ocrx_word' id='word_1_31' title='bbox 173 537 299 601; x_wconf 85' lang='lat' dir='ltr'>plane</span> <span class='ocrx_word' id='word_1_32' title='bbox 325 539 434 585; x_wconf 91' lang='lat' dir='ltr'>duos</span> <span class='ocrx_word' id='word_1_33' title='bbox 458 539 582 596; x_wconf 82' lang='lat' dir='ltr'>deos,</span> <span class='ocrx_word' id='word_1_34' title='bbox 610 556 746 585; x_wconf 91' lang='lat' dir='ltr'>unum</span> <span class='ocrx_word' id='word_1_35' title='bbox 771 539 936 585; x_wconf 88' lang='lat' dir='ltr'>bonum</span> <span class='ocrx_word' id='word_1_36' title='bbox 957 577 967 595; x_wconf 77' lang='lat'>‚</span> <span class='ocrx_word' id='word_1_37' title='bbox 1008 551 1049 586; x_wconf 90' lang='lat' dir='ltr'>et</span> <span class='ocrx_word' id='word_1_38' title='bbox 1082 541 1264 587; x_wconf 87' lang='lat' dir='ltr'>alterum</span> <span class='ocrx_word' id='word_1_39' title='bbox 1291 544 1469 590; x_wconf 89' lang='lat' dir='ltr'>malum.</span> 
     </span>
     <span class='ocr_line' id='line_1_6' title="bbox 105 608 1477 674; baseline 0.003 -20"><span class='ocrx_word' id='word_1_40' title='bbox 105 608 131 652; x_wconf 87' lang='lat' dir='ltr'><strong>J</strong></span> <span class='ocrx_word' id='word_1_41' title='bbox 137 625 307 655; x_wconf 87' lang='lat' dir='ltr'>amvero</span> <span class='ocrx_word' id='word_1_42' title='bbox 328 610 361 655; x_wconf 90' lang='lat' dir='ltr'>si</span> <span class='ocrx_word' id='word_1_43' title='bbox 386 621 613 673; x_wconf 80' lang='lat' dir='ltr'>propterea</span> <span class='ocrx_word' id='word_1_44' title='bbox 634 609 799 655; x_wconf 87' lang='lat' dir='ltr'>malum</span> <span class='ocrx_word' id='word_1_45' title='bbox 824 620 886 654; x_wconf 90' lang='lat' dir='ltr'>est</span> <span class='ocrx_word' id='word_1_46' title='bbox 904 610 1097 673; x_wconf 75' lang='lat' dir='ltr'>aliquid,</span> <span class='ocrx_word' id='word_1_47' title='bbox 1122 612 1238 674; x_wconf 91' lang='lat' dir='ltr'>quod</span> <span class='ocrx_word' id='word_1_48' title='bbox 1262 613 1381 658; x_wconf 84' lang='lat' dir='ltr'>alteri</span> <span class='ocrx_word' id='word_1_49' title='bbox 1394 631 1477 658; x_wconf 90' lang='lat' dir='ltr'>no-</span> 
     </span>
     <span class='ocr_line' id='line_1_7' title="bbox 107 679 1479 747; baseline 0.004 -23"><span class='ocrx_word' id='word_1_50' title='bbox 107 690 174 724; x_wconf 87' lang='lat' dir='ltr'>cet</span> <span class='ocrx_word' id='word_1_51' title='bbox 193 716 204 735; x_wconf 85' lang='lat'><strong><em>‚</em></strong></span> <span class='ocrx_word' id='word_1_52' title='bbox 234 679 419 726; x_wconf 89' lang='lat' dir='ltr'>invicem</span> <span class='ocrx_word' id='word_1_53' title='bbox 441 681 523 725; x_wconf 89' lang='lat' dir='ltr'>sibi</span> <span class='ocrx_word' id='word_1_54' title='bbox 549 681 626 725; x_wconf 81' lang='lat' dir='ltr'>ista</span> <span class='ocrx_word' id='word_1_55' title='bbox 652 691 894 726; x_wconf 86' lang='lat' dir='ltr'>nocuerunt</span> <span class='ocrx_word' id='word_1_56' title='bbox 919 699 928 725; x_wconf 89' lang='lat'>:</span> <span class='ocrx_word' id='word_1_57' title='bbox 951 680 1081 727; x_wconf 86' lang='lat' dir='ltr'>fuerit</span> <span class='ocrx_word' id='word_1_58' title='bbox 1105 699 1301 746; x_wconf 75' lang='lat' dir='ltr'>unapars</span> <span class='ocrx_word' id='word_1_59' title='bbox 1317 684 1479 747; x_wconf 88' lang='lat' dir='ltr'>impro-</span> 
     </span>
     <span class='ocr_line' id='line_1_8' title="bbox 106 748 1477 813; baseline 0.004 -19"><span class='ocrx_word' id='word_1_60' title='bbox 106 748 222 805; x_wconf 76' lang='lat' dir='ltr'>bior,</span> <span class='ocrx_word' id='word_1_61' title='bbox 248 749 352 813; x_wconf 86' lang='lat' dir='ltr'>quia</span> <span class='ocrx_word' id='word_1_62' title='bbox 376 750 499 813; x_wconf 88' lang='lat' dir='ltr'>prior</span> <span class='ocrx_word' id='word_1_63' title='bbox 525 750 738 813; x_wconf 79' lang='lat' dir='ltr'>appetivit</span> <span class='ocrx_word' id='word_1_64' title='bbox 761 749 963 797; x_wconf 89' lang='lat' dir='ltr'>alienum.</span> <span class='ocrx_word' id='word_1_65' title='bbox 996 753 1089 796; x_wconf 90' lang='lat' dir='ltr'>Una</span> <span class='ocrx_word' id='word_1_66' title='bbox 1110 769 1210 812; x_wconf 85' lang='lat' dir='ltr'>ergo</span> <span class='ocrx_word' id='word_1_67' title='bbox 1232 753 1394 799; x_wconf 89' lang='lat' dir='ltr'>malum</span> <span class='ocrx_word' id='word_1_68' title='bbox 1412 755 1477 799; x_wconf 89' lang='lat' dir='ltr'>in-</span> 
     </span>
     <span class='ocr_line' id='line_1_9' title="bbox 106 818 1480 884; baseline 0.005 -20"><span class='ocrx_word' id='word_1_69' title='bbox 106 818 214 865; x_wconf 88' lang='lat' dir='ltr'>ferre</span> <span class='ocrx_word' id='word_1_70' title='bbox 228 820 383 878; x_wconf 85' lang='lat' dir='ltr'>voluit,</span> <span class='ocrx_word' id='word_1_71' title='bbox 400 820 531 867; x_wconf 87' lang='lat' dir='ltr'>altera</span> <span class='ocrx_word' id='word_1_72' title='bbox 544 821 708 866; x_wconf 90' lang='lat' dir='ltr'>malum</span> <span class='ocrx_word' id='word_1_73' title='bbox 727 839 809 884; x_wconf 91' lang='lat' dir='ltr'>pro</span> <span class='ocrx_word' id='word_1_74' title='bbox 833 822 947 867; x_wconf 87' lang='lat' dir='ltr'>malo</span> <span class='ocrx_word' id='word_1_75' title='bbox 964 823 1167 869; x_wconf 78' lang='lat' dir='ltr'>retribuit</span> <span class='ocrx_word' id='word_1_76' title='bbox 1191 842 1201 868; x_wconf 77' lang='lat' dir='ltr'>t</span> <span class='ocrx_word' id='word_1_77' title='bbox 1229 835 1270 869; x_wconf 89' lang='lat' dir='ltr'>et</span> <span class='ocrx_word' id='word_1_78' title='bbox 1289 842 1375 870; x_wconf 91' lang='lat' dir='ltr'>non</span> <span class='ocrx_word' id='word_1_79' title='bbox 1389 825 1480 884; x_wconf 83' lang='lat' dir='ltr'>lege</span> 
     </span>
     <span class='ocr_line' id='line_1_10' title="bbox 109 889 1482 957; baseline 0.004 -22"><span class='ocrx_word' id='word_1_80' title='bbox 109 889 275 936; x_wconf 86' lang='lat' dir='ltr'>talionis</span> <span class='ocrx_word' id='word_1_81' title='bbox 289 927 300 947; x_wconf 85' lang='grc'>,</span> <span class='ocrx_word' id='word_1_82' title='bbox 326 901 537 954; x_wconf 79' lang='lat' dir='ltr'>tanquam</span> <span class='ocrx_word' id='word_1_83' title='bbox 556 890 730 937; x_wconf 88' lang='lat' dir='ltr'>oculum</span> <span class='ocrx_word' id='word_1_84' title='bbox 753 908 835 954; x_wconf 84' lang='lat' dir='ltr'>pro</span> <span class='ocrx_word' id='word_1_85' title='bbox 855 892 981 938; x_wconf 93' lang='lat' dir='ltr'>oculo</span> <span class='ocrx_word' id='word_1_86' title='bbox 1000 930 1012 949; x_wconf 83' lang='lat'>‚</span> <span class='ocrx_word' id='word_1_87' title='bbox 1037 893 1157 955; x_wconf 90' lang='lat' dir='ltr'>quod</span> <span class='ocrx_word' id='word_1_88' title='bbox 1181 894 1482 957; x_wconf 81' lang='lat' dir='ltr'>imprudenter</span> 
     </span>
     <span class='ocr_line' id='line_1_11' title="bbox 102 960 1482 1029; baseline 0.005 -24"><span class='ocrx_word' id='word_1_89' title='bbox 102 960 419 1023; x_wconf 82' lang='lat' dir='ltr'>reprehendere</span> <span class='ocrx_word' id='word_1_90' title='bbox 438 961 597 1016; x_wconf 81' lang='lat' dir='ltr'>soletis,</span> <span class='ocrx_word' id='word_1_91' title='bbox 615 961 687 1006; x_wconf 89' lang='lat' dir='ltr'>sed</span> <span class='ocrx_word' id='word_1_92' title='bbox 708 961 845 1007; x_wconf 88' lang='lat' dir='ltr'>multo</span> <span class='ocrx_word' id='word_1_93' title='bbox 857 963 1042 1022; x_wconf 76' lang='lat' dir='ltr'>gravius,</span> <span class='ocrx_word' id='word_1_94' title='bbox 1060 963 1214 1023; x_wconf 84' lang='lat' dir='ltr'>Eligite</span> <span class='ocrx_word' id='word_1_95' title='bbox 1231 982 1330 1025; x_wconf 82' lang='lat' dir='ltr'>ergo</span> <span class='ocrx_word' id='word_1_96' title='bbox 1349 981 1482 1029; x_wconf 86' lang='lat' dir='ltr'>quam</span> 
     </span>
     <span class='ocr_line' id='line_1_12' title="bbox 104 1031 1483 1098; baseline 0.004 -23"><span class='ocrx_word' id='word_1_97' title='bbox 104 1034 297 1094; x_wconf 82' lang='lat' dir='ltr'>pejorem</span> <span class='ocrx_word' id='word_1_98' title='bbox 312 1031 465 1077; x_wconf 89' lang='lat' dir='ltr'>dicatis</span> <span class='ocrx_word' id='word_1_99' title='bbox 477 1069 488 1088; x_wconf 84' lang='grc'>,</span> <span class='ocrx_word' id='word_1_100' title='bbox 509 1049 607 1095; x_wconf 78' lang='lat' dir='ltr'>quae</span> <span class='ocrx_word' id='word_1_101' title='bbox 621 1032 742 1094; x_wconf 85' lang='lat' dir='ltr'>prior</span> <span class='ocrx_word' id='word_1_102' title='bbox 760 1049 913 1078; x_wconf 89' lang='lat' dir='ltr'>nocere</span> <span class='ocrx_word' id='word_1_103' title='bbox 931 1032 1091 1089; x_wconf 84' lang='lat' dir='ltr'>voluit,</span> <span class='ocrx_word' id='word_1_104' title='bbox 1111 1052 1163 1079; x_wconf 90' lang='lat' dir='ltr'>an</span> <span class='ocrx_word' id='word_1_105' title='bbox 1179 1051 1279 1098; x_wconf 83' lang='lat' dir='ltr'>quae</span> <span class='ocrx_word' id='word_1_106' title='bbox 1295 1035 1483 1098; x_wconf 87' lang='lat' dir='ltr'>amplius</span> 
     </span>
     <span class='ocr_line' id='line_1_13' title="bbox 105 1101 1484 1166; baseline 0.004 -20"><span class='ocrx_word' id='word_1_107' title='bbox 105 1117 264 1146; x_wconf 87' lang='lat' dir='ltr'>nocere</span> <span class='ocrx_word' id='word_1_108' title='bbox 287 1112 329 1147; x_wconf 90' lang='lat' dir='ltr'>et</span> <span class='ocrx_word' id='word_1_109' title='bbox 346 1101 485 1148; x_wconf 88' lang='lat' dir='ltr'>voluit</span> <span class='ocrx_word' id='word_1_110' title='bbox 505 1112 546 1147; x_wconf 87' lang='lat' dir='ltr'>et</span> <span class='ocrx_word' id='word_1_111' title='bbox 562 1102 721 1165; x_wconf 83' lang='lat' dir='ltr'>potuit.</span> <span class='ocrx_word' id='word_1_112' title='bbox 746 1103 831 1147; x_wconf 84' lang='lat' dir='ltr'>lsta</span> <span class='ocrx_word' id='word_1_113' title='bbox 849 1103 962 1147; x_wconf 89' lang='lat' dir='ltr'>enim</span> <span class='ocrx_word' id='word_1_114' title='bbox 989 1120 1069 1166; x_wconf 83' lang='lat' dir='ltr'>pro</span> <span class='ocrx_word' id='word_1_115' title='bbox 1092 1104 1270 1151; x_wconf 86' lang='lat' dir='ltr'>modulo</span> <span class='ocrx_word' id='word_1_116' title='bbox 1291 1122 1367 1150; x_wconf 93' lang='lat' dir='ltr'>suo</span> <span class='ocrx_word' id='word_1_117' title='bbox 1387 1105 1484 1150; x_wconf 91' lang='lat' dir='ltr'>luce</span> 
     </span>
     <span class='ocr_line' id='line_1_14' title="bbox 107 1171 1482 1236; baseline 0.003 -19"><span class='ocrx_word' id='word_1_118' title='bbox 107 1171 277 1235; x_wconf 83' lang='lat' dir='ltr'>perfrui</span> <span class='ocrx_word' id='word_1_119' title='bbox 306 1173 562 1236; x_wconf 76' lang='lat' dir='ltr'>concupivit</span> <span class='ocrx_word' id='word_1_120' title='bbox 583 1210 593 1228; x_wconf 84' lang='lat'><em>‚</em></span> <span class='ocrx_word' id='word_1_121' title='bbox 627 1172 699 1217; x_wconf 81' lang='lat' dir='ltr'>illa</span> <span class='ocrx_word' id='word_1_122' title='bbox 719 1189 815 1218; x_wconf 90' lang='lat' dir='ltr'>eam</span> <span class='ocrx_word' id='word_1_123' title='bbox 835 1173 1032 1219; x_wconf 88' lang='lat' dir='ltr'>funditus</span> <span class='ocrx_word' id='word_1_124' title='bbox 1056 1175 1303 1223; x_wconf 65' lang='lat' dir='ltr'>eradicavit.</span> <span class='ocrx_word' id='word_1_125' title='bbox 1338 1178 1423 1222; x_wconf 84' lang='lat' dir='ltr'>Ista</span> <span class='ocrx_word' id='word_1_126' title='bbox 1449 1176 1482 1221; x_wconf 89' lang='lat' dir='ltr'>si</span> 
     </span>
     <span class='ocr_line' id='line_1_15' title="bbox 106 1242 1483 1306; baseline 0.003 -19"><span class='ocrx_word' id='word_1_127' title='bbox 106 1242 226 1306; x_wconf 89' lang='lat' dir='ltr'>quod</span> <span class='ocrx_word' id='word_1_128' title='bbox 252 1243 469 1306; x_wconf 80' lang='lat' dir='ltr'>appetivit</span> <span class='ocrx_word' id='word_1_129' title='bbox 494 1242 738 1306; x_wconf 83' lang='lat' dir='ltr'>implesset,</span> <span class='ocrx_word' id='word_1_130' title='bbox 767 1243 849 1288; x_wconf 83' lang='lat' dir='ltr'>sibi</span> <span class='ocrx_word' id='word_1_131' title='bbox 869 1254 982 1288; x_wconf 87' lang='lat' dir='ltr'>certe</span> <span class='ocrx_word' id='word_1_132' title='bbox 1010 1244 1121 1289; x_wconf 86' lang='lat' dir='ltr'>nihil</span> <span class='ocrx_word' id='word_1_133' title='bbox 1145 1245 1353 1291; x_wconf 85' lang='lat' dir='ltr'>obfuisset</span> <span class='ocrx_word' id='word_1_134' title='bbox 1374 1263 1385 1290; x_wconf 75' lang='grc' dir='ltr'><strong><em>ε</em></strong></span> <span class='ocrx_word' id='word_1_135' title='bbox 1409 1246 1483 1291; x_wconf 91' lang='grc'>1113</span> 
     </span>
     <span class='ocr_line' id='line_1_16' title="bbox 107 1313 1484 1376; baseline 0.001 -17"><span class='ocrx_word' id='word_1_136' title='bbox 107 1330 208 1360; x_wconf 88' lang='lat' dir='ltr'>vero</span> <span class='ocrx_word' id='word_1_137' title='bbox 227 1323 275 1358; x_wconf 86' lang='lat' dir='ltr'>ut</span> <span class='ocrx_word' id='word_1_138' title='bbox 284 1313 487 1359; x_wconf 87' lang='lat' dir='ltr'>hostilem</span> <span class='ocrx_word' id='word_1_139' title='bbox 502 1313 801 1360; x_wconf 81' lang='lat' dir='ltr'>adversitatem</span> <span class='ocrx_word' id='word_1_140' title='bbox 817 1314 991 1376; x_wconf 82' lang='lat' dir='ltr'>penitus</span> <span class='ocrx_word' id='word_1_141' title='bbox 1009 1326 1234 1372; x_wconf 73' lang='lat' dir='ltr'>everteret,</span> <span class='ocrx_word' id='word_1_142' title='bbox 1251 1317 1380 1361; x_wconf 88' lang='lat' dir='ltr'>etiam</span> <span class='ocrx_word' id='word_1_143' title='bbox 1395 1333 1484 1362; x_wconf 82' lang='lat' dir='ltr'>suae</span> 
     </span>
     <span class='ocr_line' id='line_1_17' title="bbox 108 1383 1484 1450; baseline 0.002 -21"><span class='ocrx_word' id='word_1_144' title='bbox 108 1384 223 1448; x_wconf 83' lang='lat' dir='ltr'>parti</span> <span class='ocrx_word' id='word_1_145' title='bbox 241 1384 428 1444; x_wconf 85' lang='lat' dir='ltr'>graviter</span> <span class='ocrx_word' id='word_1_146' title='bbox 440 1384 605 1431; x_wconf 87' lang='lat' dir='ltr'>nocuit.</span> <span class='ocrx_word' id='word_1_147' title='bbox 633 1383 756 1429; x_wconf 86' lang='lat' dir='ltr'>Sicut</span> <span class='ocrx_word' id='word_1_148' title='bbox 774 1393 835 1429; x_wconf 87' lang='lat' dir='ltr'>est</span> <span class='ocrx_word' id='word_1_149' title='bbox 852 1384 924 1430; x_wconf 88' lang='lat' dir='ltr'>illa</span> <span class='ocrx_word' id='word_1_150' title='bbox 943 1385 1187 1442; x_wconf 81' lang='lat' dir='ltr'>notissima,</span> <span class='ocrx_word' id='word_1_151' title='bbox 1215 1397 1254 1431; x_wconf 89' lang='lat' dir='ltr'>et</span> <span class='ocrx_word' id='word_1_152' title='bbox 1274 1403 1484 1450; x_wconf 84' lang='lat' dir='ltr'>quarum-</span> 
     </span>
     <span class='ocr_line' id='line_1_18' title="bbox 109 1454 1484 1503; baseline 0.002 -3"><span class='ocrx_word' id='word_1_153' title='bbox 109 1455 211 1500; x_wconf 87' lang='lat' dir='ltr'>dam</span> <span class='ocrx_word' id='word_1_154' title='bbox 228 1454 470 1500; x_wconf 88' lang='lat' dir='ltr'>litterarum</span> <span class='ocrx_word' id='word_1_155' title='bbox 488 1455 711 1500; x_wconf 63' lang='lat' dir='ltr'>memoriae</span> <span class='ocrx_word' id='word_1_156' title='bbox 736 1454 1040 1500; x_wconf 85' lang='lat' dir='ltr'>commendata</span> <span class='ocrx_word' id='word_1_157' title='bbox 1064 1455 1225 1501; x_wconf 84' lang='lat' dir='ltr'>furiosa</span> <span class='ocrx_word' id='word_1_158' title='bbox 1246 1458 1453 1503; x_wconf 88' lang='lat' dir='ltr'>sententia</span> <span class='ocrx_word' id='word_1_159' title='bbox 1473 1475 1484 1502; x_wconf 74' lang='grc' dir='ltr'>ε</span> 
     </span>
     <span class='ocr_line' id='line_1_19' title="bbox 109 1525 1488 1582; baseline 0.004 -14"><span class='ocrx_word' id='word_1_160' title='bbox 109 1548 130 1568; x_wconf 90' lang='lat'>«</span> <span class='ocrx_word' id='word_1_161' title='bbox 147 1527 331 1571; x_wconf 82' lang='lat' dir='ltr'>Pereant</span> <span class='ocrx_word' id='word_1_162' title='bbox 355 1526 512 1582; x_wconf 82' lang='lat' dir='ltr'>amici,</span> <span class='ocrx_word' id='word_1_163' title='bbox 540 1525 647 1571; x_wconf 89' lang='lat' dir='ltr'>dum</span> <span class='ocrx_word' id='word_1_164' title='bbox 672 1525 840 1572; x_wconf 81' lang='lat' dir='ltr'>inimici</span> <span class='ocrx_word' id='word_1_165' title='bbox 870 1542 955 1571; x_wconf 88' lang='lat' dir='ltr'>una</span> <span class='ocrx_word' id='word_1_166' title='bbox 987 1526 1248 1572; x_wconf 84' lang='lat' dir='ltr'>intercidant</span> <span class='ocrx_word' id='word_1_167' title='bbox 1262 1527 1294 1573; x_wconf 62' lang='lat'>1.</span> <span class='ocrx_word' id='word_1_168' title='bbox 1317 1548 1337 1569; x_wconf 80' lang='lat'>›&gt;</span> <span class='ocrx_word' id='word_1_169' title='bbox 1359 1528 1488 1573; x_wconf 83' lang='lat' dir='ltr'>Missa</span> 
     </span>
     <span class='ocr_line' id='line_1_20' title="bbox 109 1595 1492 1659; baseline 0.001 -17"><span class='ocrx_word' id='word_1_170' title='bbox 109 1608 171 1642; x_wconf 91' lang='lat' dir='ltr'>est</span> <span class='ocrx_word' id='word_1_171' title='bbox 188 1598 303 1641; x_wconf 86' lang='lat' dir='ltr'>enim</span> <span class='ocrx_word' id='word_1_172' title='bbox 327 1595 381 1641; x_wconf 92' lang='lat' dir='ltr'>ad</span> <span class='ocrx_word' id='word_1_173' title='bbox 405 1595 710 1659; x_wconf 79' lang='lat' dir='ltr'>inexpiabilem</span> <span class='ocrx_word' id='word_1_174' title='bbox 735 1597 1145 1642; x_wconf 84' lang='lat' dir='ltr'>contaminationem</span> <span class='ocrx_word' id='word_1_175' title='bbox 1175 1615 1276 1659; x_wconf 88' lang='lat' dir='ltr'>pars</span> <span class='ocrx_word' id='word_1_176' title='bbox 1309 1597 1379 1643; x_wconf 89' lang='lat' dir='ltr'>dei</span> <span class='ocrx_word' id='word_1_177' title='bbox 1400 1636 1410 1653; x_wconf 83' lang='lat'><strong><em>‚</em></strong></span> <span class='ocrx_word' id='word_1_178' title='bbox 1443 1609 1492 1644; x_wconf 86' lang='lat' dir='ltr'>ut</span> 
     </span>
     <span class='ocr_line' id='line_1_21' title="bbox 110 1665 1491 1728; baseline 0.001 -17"><span class='ocrx_word' id='word_1_179' title='bbox 110 1677 216 1712; x_wconf 88' lang='lat' dir='ltr'>esset</span> <span class='ocrx_word' id='word_1_180' title='bbox 237 1665 352 1711; x_wconf 88' lang='lat' dir='ltr'>unde</span> <span class='ocrx_word' id='word_1_181' title='bbox 367 1676 582 1725; x_wconf 84' lang='lat' dir='ltr'>tegeretur</span> <span class='ocrx_word' id='word_1_182' title='bbox 599 1666 755 1725; x_wconf 81' lang='lat' dir='ltr'>globus</span> <span class='ocrx_word' id='word_1_183' title='bbox 769 1703 779 1721; x_wconf 83' lang='lat'>‚</span> <span class='ocrx_word' id='word_1_184' title='bbox 803 1683 890 1728; x_wconf 90' lang='lat' dir='ltr'>quo</span> <span class='ocrx_word' id='word_1_185' title='bbox 913 1667 959 1710; x_wconf 91' lang='grc'>111</span> <span class='ocrx_word' id='word_1_186' title='bbox 983 1677 1194 1711; x_wconf 86' lang='lat' dir='ltr'>aetemum</span> <span class='ocrx_word' id='word_1_187' title='bbox 1213 1666 1348 1712; x_wconf 88' lang='lat' dir='ltr'>hostis</span> <span class='ocrx_word' id='word_1_188' title='bbox 1368 1668 1491 1714; x_wconf 89' lang='lat' dir='ltr'>vivus</span> 
     </span>
     <span class='ocr_line' id='line_1_22' title="bbox 111 1735 1490 1799; baseline 0.001 -17"><span class='ocrx_word' id='word_1_189' title='bbox 111 1735 381 1799; x_wconf 86' lang='lat' dir='ltr'>sepeliendus</span> <span class='ocrx_word' id='word_1_190' title='bbox 407 1745 470 1780; x_wconf 87' lang='lat' dir='ltr'>est</span> <span class='ocrx_word' id='word_1_191' title='bbox 501 1752 512 1778; x_wconf 75' lang='lat' dir='ltr'><em>z</em></span> <span class='ocrx_word' id='word_1_192' title='bbox 541 1745 713 1780; x_wconf 88' lang='lat' dir='ltr'>tantum</span> <span class='ocrx_word' id='word_1_193' title='bbox 737 1736 851 1780; x_wconf 87' lang='lat' dir='ltr'>enim</span> <span class='ocrx_word' id='word_1_194' title='bbox 882 1735 1108 1780; x_wconf 89' lang='lat' dir='ltr'>timebitur</span> <span class='ocrx_word' id='word_1_195' title='bbox 1131 1746 1171 1781; x_wconf 89' lang='lat' dir='ltr'>et</span> <span class='ocrx_word' id='word_1_196' title='bbox 1195 1736 1357 1793; x_wconf 77' lang='lat' dir='ltr'>victus,</span> <span class='ocrx_word' id='word_1_197' title='bbox 1387 1747 1490 1783; x_wconf 86' lang='lat' dir='ltr'>tan-</span> 
     </span>
     <span class='ocr_line' id='line_1_23' title="bbox 115 1804 1491 1869; baseline 0.001 -17"><span class='ocrx_word' id='word_1_198' title='bbox 115 1818 208 1852; x_wconf 87' lang='lat' dir='ltr'>tum</span> <span class='ocrx_word' id='word_1_199' title='bbox 230 1805 408 1851; x_wconf 86' lang='lat' dir='ltr'>terrebit</span> <span class='ocrx_word' id='word_1_200' title='bbox 430 1804 624 1850; x_wconf 88' lang='lat' dir='ltr'>inclusus</span> <span class='ocrx_word' id='word_1_201' title='bbox 643 1841 654 1861; x_wconf 82' lang='grc'>,</span> <span class='ocrx_word' id='word_1_202' title='bbox 691 1815 740 1849; x_wconf 88' lang='grc'>111</span> <span class='ocrx_word' id='word_1_203' title='bbox 770 1805 1029 1868; x_wconf 89' lang='lat' dir='ltr'>sempiterna</span> <span class='ocrx_word' id='word_1_204' title='bbox 1060 1805 1230 1851; x_wconf 85' lang='lat' dir='ltr'>miseria</span> <span class='ocrx_word' id='word_1_205' title='bbox 1252 1807 1389 1869; x_wconf 87' lang='lat' dir='ltr'>partis</span> <span class='ocrx_word' id='word_1_206' title='bbox 1421 1807 1491 1853; x_wconf 89' lang='lat' dir='ltr'>dei</span> 
     </span>
     <span class='ocr_line' id='line_1_24' title="bbox 113 1872 1492 1938; baseline 0 -16"><span class='ocrx_word' id='word_1_207' title='bbox 113 1887 271 1922; x_wconf 88' lang='lat' dir='ltr'>caetero</span> <span class='ocrx_word' id='word_1_208' title='bbox 297 1874 378 1920; x_wconf 92' lang='lat' dir='ltr'>deo</span> <span class='ocrx_word' id='word_1_209' title='bbox 402 1874 573 1920; x_wconf 87' lang='lat' dir='ltr'>tribuat</span> <span class='ocrx_word' id='word_1_210' title='bbox 593 1872 957 1938; x_wconf 85' lang='lat' dir='ltr'>qualemcumque</span> <span class='ocrx_word' id='word_1_211' title='bbox 982 1876 1318 1923; x_wconf 87' lang='lat' dir='ltr'>securitatem.O</span> <span class='ocrx_word' id='word_1_212' title='bbox 1336 1894 1492 1936; x_wconf 82' lang='lat' dir='ltr'>magna</span> 
     </span>
     <span class='ocr_line' id='line_1_25' title="bbox 115 1943 1491 2003; baseline 0 -11"><span class='ocrx_word' id='word_1_213' title='bbox 115 1945 363 1992; x_wconf 87' lang='lat' dir='ltr'>innocentia</span> <span class='ocrx_word' id='word_1_214' title='bbox 396 1944 636 1990; x_wconf 87' lang='lat' dir='ltr'>bonitatis!</span> <span class='ocrx_word' id='word_1_215' title='bbox 672 1945 786 1989; x_wconf 88' lang='lat' dir='ltr'>Ecce</span> <span class='ocrx_word' id='word_1_216' title='bbox 811 1943 939 1990; x_wconf 85' lang='lat' dir='ltr'>faciet</span> <span class='ocrx_word' id='word_1_217' title='bbox 976 1955 1017 1990; x_wconf 92' lang='lat' dir='ltr'>et</span> <span class='ocrx_word' id='word_1_218' title='bbox 1044 1944 1148 1991; x_wconf 86' lang='lat' dir='ltr'>deus</span> <span class='ocrx_word' id='word_1_219' title='bbox 1184 1956 1338 2003; x_wconf 80' lang='lat' dir='ltr'>vester,</span> <span class='ocrx_word' id='word_1_220' title='bbox 1375 1947 1491 1993; x_wconf 91' lang='lat' dir='ltr'>unde</span> 
     </span>
     <span class='ocr_line' id='line_1_26' title="bbox 118 2014 1490 2079; baseline 0.001 -17"><span class='ocrx_word' id='word_1_221' title='bbox 118 2016 394 2063; x_wconf 86' lang='lat' dir='ltr'>tenebrarum</span> <span class='ocrx_word' id='word_1_222' title='bbox 418 2025 590 2074; x_wconf 84' lang='lat' dir='ltr'>gentem</span> <span class='ocrx_word' id='word_1_223' title='bbox 620 2014 895 2060; x_wconf 88' lang='lat' dir='ltr'>horribiliter</span> <span class='ocrx_word' id='word_1_224' title='bbox 919 2016 1129 2061; x_wconf 84' lang='lat' dir='ltr'>accusatis</span> <span class='ocrx_word' id='word_1_225' title='bbox 1147 2053 1158 2072; x_wconf 87' lang='lat'><strong><em>,</em></strong></span> <span class='ocrx_word' id='word_1_226' title='bbox 1189 2016 1307 2079; x_wconf 87' lang='lat' dir='ltr'>quod</span> <span class='ocrx_word' id='word_1_227' title='bbox 1331 2027 1374 2063; x_wconf 86' lang='lat' dir='ltr'>et</span> <span class='ocrx_word' id='word_1_228' title='bbox 1403 2017 1490 2063; x_wconf 92' lang='grc'>31113</span> 
     </span>
     <span class='ocr_line' id='line_1_27' title="bbox 116 2084 1491 2148; baseline 0 -15"><span class='ocrx_word' id='word_1_229' title='bbox 116 2097 270 2133; x_wconf 85' lang='lat' dir='ltr'>noceat</span> <span class='ocrx_word' id='word_1_230' title='bbox 296 2096 337 2131; x_wconf 90' lang='lat' dir='ltr'>et</span> <span class='ocrx_word' id='word_1_231' title='bbox 369 2084 532 2134; x_wconf 84' lang='lat' dir='ltr'>alienis.</span> <span class='ocrx_word' id='word_1_232' title='bbox 563 2084 761 2148; x_wconf 87' lang='lat' dir='ltr'>Idipsum</span> <span class='ocrx_word' id='word_1_233' title='bbox 790 2085 966 2131; x_wconf 91' lang='lat' dir='ltr'>omnino</span> <span class='ocrx_word' id='word_1_234' title='bbox 991 2085 1037 2131; x_wconf 91' lang='lat' dir='ltr'>in</span> <span class='ocrx_word' id='word_1_235' title='bbox 1069 2085 1150 2131; x_wconf 91' lang='lat' dir='ltr'>deo</span> <span class='ocrx_word' id='word_1_236' title='bbox 1184 2097 1326 2133; x_wconf 83' lang='lat' dir='ltr'>vestro</span> <span class='ocrx_word' id='word_1_237' title='bbox 1351 2088 1491 2147; x_wconf 86' lang='lat' dir='ltr'>arguit</span> 
     </span>
     <span class='ocr_line' id='line_1_28' title="bbox 118 2156 1494 2219; baseline -0.001 -16"><span class='ocrx_word' id='word_1_238' title='bbox 118 2158 189 2204; x_wconf 89' lang='lat' dir='ltr'>ille</span> <span class='ocrx_word' id='word_1_239' title='bbox 214 2156 368 2217; x_wconf 88' lang='lat' dir='ltr'>globus</span> <span class='ocrx_word' id='word_1_240' title='bbox 384 2166 595 2202; x_wconf 84' lang='lat' dir='ltr'>extremus</span> <span class='ocrx_word' id='word_1_241' title='bbox 611 2193 622 2213; x_wconf 85' lang='lat'><strong>,</strong></span> <span class='ocrx_word' id='word_1_242' title='bbox 644 2172 731 2219; x_wconf 89' lang='lat' dir='ltr'>quo</span> <span class='ocrx_word' id='word_1_243' title='bbox 751 2166 793 2201; x_wconf 88' lang='lat' dir='ltr'>et</span> <span class='ocrx_word' id='word_1_244' title='bbox 815 2156 950 2201; x_wconf 84' lang='lat' dir='ltr'>hostis</span> <span class='ocrx_word' id='word_1_245' title='bbox 973 2156 1232 2214; x_wconf 85' lang='lat' dir='ltr'>includitur,</span> <span class='ocrx_word' id='word_1_246' title='bbox 1255 2169 1298 2204; x_wconf 87' lang='lat' dir='ltr'>et</span> <span class='ocrx_word' id='word_1_247' title='bbox 1315 2159 1420 2204; x_wconf 90' lang='lat' dir='ltr'>civis</span> <span class='ocrx_word' id='word_1_248' title='bbox 1434 2157 1494 2203; x_wconf 83' lang='lat' dir='ltr'>af-</span> 
     </span>
     <span class='ocr_line' id='line_1_29' title="bbox 120 2226 1494 2290; baseline 0 -17"><span class='ocrx_word' id='word_1_249' title='bbox 120 2228 268 2288; x_wconf 83' lang='lat' dir='ltr'>figitur</span> <span class='ocrx_word' id='word_1_250' title='bbox 294 2244 305 2271; x_wconf 88' lang='lat'>:</span> <span class='ocrx_word' id='word_1_251' title='bbox 332 2227 523 2272; x_wconf 88' lang='lat' dir='ltr'>imovero</span> <span class='ocrx_word' id='word_1_252' title='bbox 547 2236 722 2290; x_wconf 85' lang='lat' dir='ltr'>superat</span> <span class='ocrx_word' id='word_1_253' title='bbox 746 2226 793 2271; x_wconf 88' lang='lat' dir='ltr'>in</span> <span class='ocrx_word' id='word_1_254' title='bbox 818 2226 1004 2289; x_wconf 85' lang='lat' dir='ltr'>amplius</span> <span class='ocrx_word' id='word_1_255' title='bbox 1027 2227 1250 2285; x_wconf 89' lang='lat' dir='ltr'>nocendo,</span> <span class='ocrx_word' id='word_1_256' title='bbox 1277 2239 1318 2274; x_wconf 88' lang='lat' dir='ltr'>et</span> <span class='ocrx_word' id='word_1_257' title='bbox 1346 2227 1494 2274; x_wconf 86' lang='lat' dir='ltr'>alienis</span> 
     </span>
     <span class='ocr_line' id='line_1_30' title="bbox 120 2296 1494 2363; baseline 0 -18"><span class='ocrx_word' id='word_1_258' title='bbox 120 2311 163 2345; x_wconf 92' lang='lat' dir='ltr'>et</span> <span class='ocrx_word' id='word_1_259' title='bbox 189 2299 274 2345; x_wconf 87' lang='lat' dir='ltr'>suis</span> <span class='ocrx_word' id='word_1_260' title='bbox 290 2335 301 2355; x_wconf 83' lang='lat'><strong>,</strong></span> <span class='ocrx_word' id='word_1_261' title='bbox 331 2314 431 2361; x_wconf 88' lang='lat' dir='ltr'>pars</span> <span class='ocrx_word' id='word_1_262' title='bbox 454 2298 528 2343; x_wconf 85' lang='lat' dir='ltr'>illa</span> <span class='ocrx_word' id='word_1_263' title='bbox 545 2335 556 2354; x_wconf 82' lang='lat'><strong><em>‚</em></strong></span> <span class='ocrx_word' id='word_1_264' title='bbox 581 2313 713 2361; x_wconf 84' lang='lat' dir='ltr'>quam</span> <span class='ocrx_word' id='word_1_265' title='bbox 733 2296 877 2343; x_wconf 90' lang='lat' dir='ltr'>dicitis</span> <span class='ocrx_word' id='word_1_266' title='bbox 906 2297 1053 2344; x_wconf 89' lang='lat' dir='ltr'>deum.</span> <span class='ocrx_word' id='word_1_267' title='bbox 1083 2298 1197 2361; x_wconf 73' lang='lat' dir='ltr'>Hyle</span> <span class='ocrx_word' id='word_1_268' title='bbox 1215 2299 1381 2363; x_wconf 84' lang='lat' dir='ltr'>quippe</span> <span class='ocrx_word' id='word_1_269' title='bbox 1406 2315 1494 2344; x_wconf 92' lang='lat' dir='ltr'>non</span> 
     </span>
     <span class='ocr_line' id='line_1_31' title="bbox 120 2367 1495 2428; baseline -0.001 -12"><span class='ocrx_word' id='word_1_270' title='bbox 120 2369 338 2416; x_wconf 84' lang='lat' dir='ltr'>eradicare</span> <span class='ocrx_word' id='word_1_271' title='bbox 361 2368 550 2414; x_wconf 86' lang='lat' dir='ltr'>alienum</span> <span class='ocrx_word' id='word_1_272' title='bbox 572 2384 753 2428; x_wconf 87' lang='lat' dir='ltr'>regnum</span> <span class='ocrx_word' id='word_1_273' title='bbox 768 2367 929 2425; x_wconf 82' lang='lat' dir='ltr'>voluit,</span> <span class='ocrx_word' id='word_1_274' title='bbox 951 2368 1023 2414; x_wconf 91' lang='lat' dir='ltr'>sed</span> <span class='ocrx_word' id='word_1_275' title='bbox 1048 2379 1212 2424; x_wconf 84' lang='lat' dir='ltr'>tenere3</span> <span class='ocrx_word' id='word_1_276' title='bbox 1234 2387 1332 2416; x_wconf 88' lang='lat' dir='ltr'>suos</span> <span class='ocrx_word' id='word_1_277' title='bbox 1351 2380 1495 2416; x_wconf 86' lang='lat' dir='ltr'>autem</span> 
     </span>
     <span class='ocr_line' id='line_1_32' title="bbox 121 2438 1496 2505; baseline 0 -19"><span class='ocrx_word' id='word_1_278' title='bbox 121 2439 332 2505; x_wconf 88' lang='lat' dir='ltr'>quosdam</span> <span class='ocrx_word' id='word_1_279' title='bbox 346 2476 357 2496; x_wconf 87' lang='lat'>‚</span> <span class='ocrx_word' id='word_1_280' title='bbox 381 2439 459 2485; x_wconf 90' lang='lat' dir='ltr'>etsi</span> <span class='ocrx_word' id='word_1_281' title='bbox 482 2438 538 2485; x_wconf 85' lang='lat' dir='ltr'>ab</span> <span class='ocrx_word' id='word_1_282' title='bbox 561 2438 654 2484; x_wconf 86' lang='lat' dir='ltr'>aliis</span> <span class='ocrx_word' id='word_1_283' title='bbox 678 2439 763 2484; x_wconf 87' lang='lat' dir='ltr'>suis</span> <span class='ocrx_word' id='word_1_284' title='bbox 785 2439 1051 2502; x_wconf 88' lang='lat' dir='ltr'>quibusdam</span> <span class='ocrx_word' id='word_1_285' title='bbox 1071 2440 1363 2487; x_wconf 90' lang='lat' dir='ltr'>consumendo</span> <span class='ocrx_word' id='word_1_286' title='bbox 1380 2441 1496 2486; x_wconf 89' lang='lat' dir='ltr'>inte-</span> 
     </span>
    </p>
   </div>
   <div class='ocr_carea' id='block_1_3' title="bbox 123 2508 1496 2635">
    <p class='ocr_par' dir='ltr' id='par_1_3' title="bbox 123 2508 1496 2635">
     <span class='ocr_line' id='line_1_33' title="bbox 123 2508 1496 2571; baseline 0.003 -16"><span class='ocrx_word' id='word_1_287' title='bbox 123 2510 310 2556; x_wconf 88' lang='lat' dir='ltr'>rimebat</span> <span class='ocrx_word' id='word_1_288' title='bbox 331 2546 342 2566; x_wconf 82' lang='lat'><strong><em>‚</em></strong></span> <span class='ocrx_word' id='word_1_289' title='bbox 367 2509 414 2555; x_wconf 90' lang='lat' dir='ltr'>in</span> <span class='ocrx_word' id='word_1_290' title='bbox 437 2508 540 2556; x_wconf 86' lang='lat' dir='ltr'>alias</span> <span class='ocrx_word' id='word_1_291' title='bbox 565 2520 709 2555; x_wconf 84' lang='lat' dir='ltr'>tamen</span> <span class='ocrx_word' id='word_1_292' title='bbox 731 2508 892 2557; x_wconf 84' lang='lat' dir='ltr'>formas</span> <span class='ocrx_word' id='word_1_293' title='bbox 918 2509 1061 2558; x_wconf 89' lang='lat' dir='ltr'>denuo</span> <span class='ocrx_word' id='word_1_294' title='bbox 1082 2513 1382 2560; x_wconf 84' lang='lat' dir='ltr'>commutabat</span> <span class='ocrx_word' id='word_1_295' title='bbox 1398 2551 1410 2571; x_wconf 78' lang='grc'>,</span> <span class='ocrx_word' id='word_1_296' title='bbox 1447 2524 1496 2561; x_wconf 86' lang='lat' dir='ltr'>ut</span> 
     </span>
     <span class='ocr_line' id='line_1_34' title="bbox 175 2592 583 2635; baseline -0.002 -11"><span class='ocrx_word' id='word_1_297' title='bbox 175 2593 184 2615; x_wconf 86' lang='lat'><strong>¹</strong></span> <span class='ocrx_word' id='word_1_298' title='bbox 205 2593 318 2624; x_wconf 86' lang='lat' dir='ltr'>Cicero</span> <span class='ocrx_word' id='word_1_299' title='bbox 337 2602 396 2635; x_wconf 89' lang='lat' dir='ltr'>pro</span> <span class='ocrx_word' id='word_1_300' title='bbox 413 2592 583 2635; x_wconf 84' lang='lat' dir='ltr'>Dejotaro.</span> 
     </span>
    </p>
   </div>
  </div>
 </body>
</html>
