1795 3253
341 298 434 355 314
761 317 795 346 5.
839 316 1082 348 Auens'rrnr
1118 316 1324 347 131>1scom

341 380 384 424 Si
427 379 535 424 mihi
573 397 659 425 non
700 382 892 439 creditis,
938 382 1171 446 Prophetis
1203 382 1378 430 credite.
1425 383 1713 448 Quapropter

337 468 413 495 nos
436 451 687 497 testimoniis
708 453 760 498 de
782 454 1002 501 salvatore
1022 465 1168 500 nostro
1192 455 1322 500 nullis
1342 472 1513 515 egemus
1535 473 1545 500 ε
1568 473 1712 502 exem-

336 522 409 584 pla
435 532 600 567 tantum
626 524 728 568 vitae
757 525 964 579 honestae,
994 537 1034 570 et
1061 525 1338 588 prudentiam
1369 543 1418 570 ac
1441 526 1642 572 virtutem
1666 527 1712 573 in

337 592 570 654 Prophetis
595 594 847 656 quau-imus,
878 614 1063 660 quorum
1094 596 1204 641 nihil
1228 596 1273 640 in
1299 595 1557 642 Judaeorum
1585 596 1714 644 fuisse

335 663 526 711 ratibus,
549 664 651 725 quia
670 674 709 709 te
727 682 812 710 non
832 665 1021 714 latuerit.
1043 666 1178 711 sentio
1200 683 1210 711 ε
1233 665 1443 729 siquidem
1463 667 1713 713 consulente

338 749 431 789 me,
470 749 548 778 cur
580 751 649 778 eos
683 735 957 799 accipiendos
986 747 1184 799 putares,
1217 754 1305 782 non
1328 737 1600 800 improvide,
1635 755 1714 785 nec

338 803 610 849 inurbaniter
643 804 811 851 silentio
845 824 993 852 eorum
1036 807 1251 852 mandatis
1289 808 1513 870 operibus,
1548 808 1594 853 in
1626 808 1715 854 sola

338 873 590 924 transiluisti
617 878 827 939 praesagia
851 896 860 923 ε
883 879 1044 924 oblitus
1065 879 1214 941 utique
1233 879 1444 941 scriptum
1469 896 1573 931 esse,
1596 896 1715 924 nun-

338 963 468 1009 quam
494 947 749 994 vindemiari
772 966 900 994 uvam
928 950 980 995 de
1004 950 1156 1013 spinis,
1183 967 1260 995 nec
1287 949 1340 995 dc
1365 949 1535 995 tribulis
1554 950 1662 995 ficus
1674 949 1708 996 4.

338 1018 620 1080 Quapropter
638 1019 735 1064 ha‘c
757 1020 940 1066 strictim
966 1021 1136 1066 interim
1157 1031 1197 1066 et
1215 1021 1418 1080 castigate
1446 1020 1499 1066 ad
1527 1021 1716 1066 interro-

336 1088 551 1148 gationem
583 1099 697 1134 tuam
724 1090 1042 1153 responderim,
1072 1108 1157 1154 qua
1182 1091 1358 1154 (pueris,
1385 1108 1464 1136 cur
1490 1108 1577 1136 non
1604 1090 1717 1136 acci-

338 1159 510 1221 piamus
540 1160 797 1222 Prophetas.
840 1162 1044 1225 Alioquin
1076 1162 1186 1207 nihil
1213 1180 1282 1207 eos
1313 1162 1366 1207 de
1400 1161 1577 1207 Christo
1607 1178 1716 1224 pro—

338 1228 553 1291 phetasse.
582 1228 756 1275 abunde
778 1235 869 1291 jam
895 1243 1124 1294 parentum
1150 1243 1397 1277 nostrorum
1426 1231 1549 1278 libris
1572 1242 1718 1277 osten-

339 1316 433 1344 sum
459 1309 532 1345 est.
566 1300 656 1359 Ego
677 1317 778 1347 vero
801 1302 909 1347 illud
934 1302 1156 1363 adjiciam,
1179 1303 1280 1365 quia
1303 1303 1335 1348 si
1366 1302 1571 1348 Ilebra'ici
1602 1313 1718 1348 vates

342 1369 567 1415 Christum
584 1371 763 1417 scientes
782 1383 822 1417 et
837 1373 1144 1436 praedicantes,
1163 1385 1248 1419 tam
1268 1373 1478 1433 flagitiose
1494 1373 1714 1429 vixerunt,

336 1444 434 1501 jure
459 1442 562 1486 etin
582 1441 698 1505 ipsos
721 1443 808 1489 dici
834 1445 1012 1508 poterit,
1035 1444 1081 1490 id
1106 1444 1225 1508 quod
1255 1444 1416 1490 Paulus
1445 1443 1499 1489 de
1525 1444 1718 1504 gentium

343 1513 613 1575 sapientibus
635 1525 902 1561 contestatur
926 1534 935 1561 :
959 1538 979 1557 «
1002 1516 1090 1572 Qui
1111 1533 1210 1561 cum
1237 1515 1538 1575 cognovissent
1556 1515 1715 1570 Deum,

343 1605 363 1625 ³>
388 1601 475 1628 non
504 1594 552 1629 ut
579 1586 718 1630 Deum
742 1586 1110 1643 clarificaverunt,
1138 1597 1212 1632 aut
1235 1587 1392 1646 gratias
1417 1596 1619 1646 egerunt3
1645 1585 1719 1631 sed

344 1674 364 1695 »
390 1666 658 1700 evanuerunt
687 1655 731 1700 in
757 1657 1094 1717 cogitationil.›us
1123 1657 1226 1714 suis,
1252 1668 1293 1702 et
1315 1656 1635 1702 intenebratum
1659 1666 1720 1702 est

341 1747 362 1766 »
385 1724 591 1787 insipiens
620 1742 696 1770 cor
725 1743 874 1772 eorum
890 1727 922 1772 2.
958 1750 977 1769 >2
1012 1727 1141 1772 Vides
1163 1744 1264 1786 ergo
1288 1744 1376 1773 non
1400 1743 1485 1772 esse
1512 1742 1719 1786 magnum

341 1812 496 1854 magna
517 1796 783 1855 cognovisse,
807 1797 888 1843 nisi
911 1815 957 1843 ex
982 1815 1129 1843 eorum
1150 1798 1301 1843 vixeris
1320 1796 1544 1857 dignitate.
1570 1815 1590 1837 >2

408 1867 467 1912 ΙΙ.
512 1867 777 1926 Augustinus
798 1869 1054 1932 respondit:
1079 1871 1244 1932 tNempe
1261 1868 1331 1914 his
1353 1867 1558 1914 omnibus
1578 1865 1721 1912 vorbis

339 1935 384 1983 id
407 1937 494 1997 agit
519 1937 712 1993 laustus,
739 1949 785 1984 ut
810 1940 1055 2018 Prophetas
1074 1939 1286 1985 Hebraeos
1309 1955 1448 2001 neque
1473 1936 1719 2000 quidquam

342 2008 395 2054 de
428 2008 606 2054 Christo
634 2011 1011 2073 lnaenunfiaxisse,
1050 2028 1189 2075 neque
1222 2011 1257 2056 si
1292 2009 1717 2073 praenuntiaverunt,

341 2096 489 2125 eorum
524 2080 768 2126 testimonia
803 2081 928 2127 nobis
963 2082 1189 2145 prodesse
1229 2098 1369 2144 neque
1403 2078 1538 2125 illos
1527 2095 1643 2142 lpsos
1673 2095 1721 2123 ex

342 2150 593 2196 eorumdem
613 2152 955 2198 testimoniorum
973 2152 1181 2213 dignitate
1200 2152 1348 2198 vixisse
1365 2149 1606 2197 credamus.
1633 2150 1722 2194 Nos

341 2221 488 2283 itaque
514 2221 910 2270 demonstrabimus
931 2235 972 2269 et
986 2241 1137 2270 eorum
1154 2223 1207 2270 de
1229 2222 1406 2268 Christo
1429 2219 1656 2285 praesagia,
1681 2228 1723 2265 et

345 2301 557 2355 quantum
579 2310 659 2355 per
686 2310 735 2338 ea
764 2295 891 2340 nobis
921 2295 976 2340 ad
1006 2295 1108 2340 fidei
1134 2294 1359 2341 veritatem
1383 2292 1531 2338 firinlt
1524 2301 1722 2353 itemque

345 2362 593 2408 consultum
621 2363 695 2418 sit,
722 2375 764 2409 et
792 2382 861 2411 eos
886 2382 973 2412 suae
999 2365 1251 2430 Prophetiae
1280 2373 1565 2423 congruenter
1597 2371 1722 2424 apte—

345 2450 431 2496 que
464 2432 626 2480 vixisse.
668 2435 719 2480 ln
750 2435 836 2481 hac
867 2437 1085 2500 tlipartita
1119 2434 1446 2499 disputatione,
1461 2431 1571 2478 illud
1602 2429 1723 2494 qnod

347 2503 491 2566 primo
513 2505 656 2567 posui
681 2505 856 2566 longum
880 2519 940 2553 est
961 2509 1019 2554 sic
1041 2507 1246 2572 probare,
1271 2516 1318 2551 ut
1338 2505 1391 2550 de
1411 2503 1494 2550 illis
1519 2501 1724 2548 omnibus

349 2574 472 2620 libris
507 2576 749 2622 testimonia
784 2578 1003 2641 proferam
1020 2616 1031 2636 ,
1057 2579 1220 2644 quibus
1243 2576 1468 2624 ostendam
1497 2573 1723 2622 Christum

390 2658 402 2680 ¹
425 2657 542 2690 Matth.
565 2669 627 2699 vu,
641 2660 750 2691 26.—
766 2658 783 2682 2
795 2663 889 2693 Rom.
905 2673 930 2701 1,
944 2672 999 2693 21.
