1795 3253
244 291 415 321 CONTRA
455 290 655 319 nussum
692 287 991 326 MANICHAEUM,
1034 290 1119 319 rin.
1165 290 1244 319 xii.
1354 276 1437 331 341

75 357 306 403 duodecim
336 355 475 401 fontes
494 391 505 410 ,
532 353 803 417 septuaginta
830 351 991 415 palmae
1015 353 1188 400 arbores
1206 355 1446 416 irrigantes,

76 427 355 492 apostolicam
383 425 561 486 gratiam
582 424 867 488 praefigurant
883 460 892 478 ‚
926 424 1113 487 populos
1138 425 1181 470 in
1207 426 1449 489 septenario

76 515 256 544 numero
274 496 506 560 decuplato
535 497 764 556 rigantem,
794 504 842 540 ut
869 511 948 557 per
969 495 1220 558 septiforme
1258 497 1448 560 Spiritus

78 569 243 615 donum
273 569 399 628 Legis
426 567 665 627 Decalogus
688 563 969 629 impleatur1.
1002 565 1058 611 Et
1077 565 1214 612 hostis
1236 567 1449 614 interclu—

79 639 179 684 dere
199 638 377 684 molitus
395 637 527 694 viam,
553 636 732 682 extensis
755 635 897 699 Moysi
929 635 1132 682 manibus
1161 637 1282 698 signo
1309 640 1452 685 crucis

79 708 326 754 Dominicae
364 718 593 771 superatur
613 707 646 754 2.
683 707 737 752 Et
766 722 933 752 morsus
961 706 1172 753 mortiferi
1203 721 1453 772 serpentum

78 779 260 824 exaltato
278 787 320 823 et
338 789 529 842 respecto
548 795 668 823 aeneo
691 787 885 840 serpente
910 788 1118 823 sanantur
1146 796 1157 823 :
1179 779 1298 842 quod
1312 781 1454 826 verbis

79 849 213 914 ipsius
256 849 434 895 Domini
487 849 761 895 declaratur:
804 869 823 889 α
844 848 969 894 Sicut
1013 848 1215 895 exaltavit
1238 888 1249 906 ‚
1292 851 1453 914 inquit,

80 943 101 963 ))
129 922 297 983 Moyses
322 931 564 984 serpentem
582 920 628 965 in
651 937 813 976 eremo,
835 919 896 965 sic
912 930 1086 983 oportet
1101 920 1278 967 exaltari
1300 922 1455 968 Filium

81 1013 103 1034 )>
126 991 333 1047 hominis,
351 1001 400 1037 ut
421 990 560 1036 omnis
583 990 659 1054 qui
680 989 912 1036 crediderit
930 990 974 1036 in
1002 1007 1100 1037 eum
1118 1028 1128 1048 ,
1170 1009 1258 1037 non
1282 1003 1429 1055 pereat
1445 1030 1454 1048 ‚

80 1084 101 1103 n
125 1061 199 1108 sed
235 1062 397 1107 habeat
428 1063 560 1106 vitam
589 1072 793 1106 aeternam
814 1059 845 1105 3.
878 1082 898 1101 »
932 1060 1081 1106 Ita-ne
1104 1063 1234 1108 etiam
1267 1063 1346 1108 ista
1372 1080 1459 1108 non

81 1132 301 1178 clamant?
318 1133 538 1177 Tanta—ne
551 1141 593 1176 et
609 1130 794 1176 surditas
810 1130 854 1176 in
871 1130 1079 1177 cordibus
1099 1131 1249 1178 duris?
1269 1134 1335 1178 Fit
1351 1133 1461 1179 Pas-

82 1204 167 1249 cha
199 1203 245 1249 in
273 1204 486 1249 occisione
521 1203 639 1248 ovis:
681 1202 898 1249 occiditur
931 1203 1155 1259 Christus,
1195 1204 1249 1250 de
1290 1222 1377 1268 quo
1414 1205 1459 1251 in

84 1273 316 1333 Evangelio
334 1272 494 1319 dicitur
515 1291 525 1318 :
548 1294 568 1315 «
590 1274 702 1319 Ecce
720 1274 864 1333 Agnus
885 1274 982 1327 Dei,
1000 1291 1099 1319 ecce
1117 1275 1209 1337 quit
1234 1275 1341 1321 tollit
1358 1293 1460 1339 pec·

85 1364 104 1384 ›>
130 1354 272 1388 catum
294 1343 492 1391 mundil‘.
515 1365 533 1384 n
553 1343 856 1388 Prohibentur
872 1344 949 1407 qui
971 1344 1138 1389 Pascha
1157 1345 1344 1402 iaciunt,
1369 1364 1459 1391 ossa

83 1413 337 1474 frangere⁵=
369 1432 456 1460 non
478 1414 739 1474 franguntur
758 1414 801 1459 in
828 1432 957 1460 cruce
977 1433 1068 1460 ossa
1092 1417 1281 1463 Domini.
1315 1419 1461 1463 Λαρε-

86 1495 203 1530 tatur
222 1485 493 1545 Evangelista
511 1485 618 1531 hinc
654 1502 740 1530 esse
764 1484 930 1531 dictum
957 1503 966 1530 ε
999 1507 1017 1526 r<
1039 1486 1100 1531 Os
1120 1490 1209 1546 ejus
1236 1506 1318 1532 non
1341 1505 1465 1533 coni-

87 1578 107 1597 »
130 1556 332 1602 minuetis
356 1557 388 1604 6.
406 1579 425 1599 »
450 1556 666 1616 Sanguine
691 1556 938 1602 illiniuntur
962 1558 1156 1620 postes⁷‚
1181 1570 1228 1603 ut
1258 1559 1464 1622 pernicies

87 1626 330 1691 depellatur
356 1646 366 1673 ε
391 1629 617 1688 signantur
639 1626 760 1686 signo
787 1627 1032 1673 Dominicae
1046 1629 1256 1692 passionis
1271 1630 1317 1674 in
1339 1630 1465 1674 fron—-

89 1699 206 1743 tibus
225 1698 383 1761 populi
408 1698 460 1744 ad
479 1698 656 1743 tutelam
679 1697 842 1744 salutis.
884 1698 1024 1743 Datur
1061 1698 1125 1743 ibi
1149 1700 1233 1744 Lex
1251 1700 1466 1762 quinqua-

89 1768 249 1828 gesimo
273 1769 343 1813 die
372 1780 470 1831 post
505 1779 649 1813 actum
674 1768 843 1813 Pascha
866 1768 884 1796 8
911 1769 1057 1813 :venit
1079 1770 1269 1832 Spiritus
1296 1781 1468 1815 sanctus

90 1839 450 1903 quinquagesimo
471 1840 539 1885 die
558 1850 659 1903 post
684 1839 860 1884 Domini
877 1839 1158 1902 passi0110n12'.
1180 1840 1352 1886 Dicitur
1380 1841 1470 1887 illic

90 1911 252 1973 scripta
271 1912 355 1956 Lex
374 1911 511 1970 digito
531 1910 651 1956 Dei'10
668 1928 678 1955 :
696 1910 804 1955 dicit
820 1910 1032 1964 Dominus
1046 1910 1099 1956 de
1120 1910 1285 1974 Spiritu
1301 1924 1466 1959 sancto:

91 2002 111 2022 «
137 1982 189 2026 ln
214 1981 351 2041 digito
371 1981 448 2026 Dei
473 1982 598 2041 ejicio
623 1980 838 2027 daemonia
860 1979 914 2027 Μ.
941 2002 961 2022 »
1001 1982 1056 2026 Et
1098 1981 1259 2028 clamat
1287 1984 1472 2029 Faustus

91 2051 226 2098 oculis
244 2051 417 2107 clausis,
445 2051 557 2097 nihil
578 2069 618 2096 se
641 2052 685 2097 in
703 2050 876 2097 Litteris
900 2050 984 2097 illis
1006 2051 1216 2099 invenisse
1233 2089 1244 2110 ,
1271 2054 1392 2117 quod
1417 2053 1472 2100 ad

91 2122 505 2187 praenuntiationem
536 2122 701 2169 Christi
728 2122 954 2186 pertineat.
987 2121 1107 2178 Quid
1125 2133 1267 2169 autem
1291 2125 1470 2181 mirum,

93 2194 127 2240 si
147 2194 295 2239 oculos
326 2193 462 2239 habet
486 2193 540 2239 ad
566 2193 827 2254 legendum,
861 2203 902 2239 et
942 2210 1018 2239 cor
1059 2192 1113 2240 ad
1143 2193 1474 2256 intelligendum

94 2264 350 2321 nonhabet,
374 2265 451 2328 qui
487 2265 654 2329 positus
687 2275 784 2312 ante
824 2264 984 2311 ostium
1013 2264 1208 2312 clausum
1232 2265 1368 2313 divini
1407 2285 1476 2314 se-

95 2334 227 2392 creti,
254 2353 343 2381 non
370 2335 456 2382 fide
477 2336 652 2400 pietatis
668 2335 833 2400 pulsat,
853 2335 925 2382 sed
946 2335 1128 2382 elatione
1153 2337 1388 2401 impietatis
1404 2339 1475 2384 in-

96 2406 404 2453 sultatPPlane
422 2407 481 2453 ita
503 2408 575 2463 sit,
601 2408 661 2454 ita
685 2408 760 2454 fiat
782 2410 978 2467 :justum
994 2407 1114 2453 enim
1133 2418 1209 2454 est,
1234 2407 1478 2456 Claudatur

144 2505 156 2528 1
175 2506 279 2540 Exod.
295 2517 374 2548 xvii,
400 2519 411 2538 1
425 2519 452 2541 t.
470 2525 512 2532 —
534 2507 550 2529 2
565 2510 661 2541 Num.
682 2519 749 2541 xxx.
770 2520 802 2549 ς).
820 2526 863 2532 -
882 2505 895 2529 3
922 2511 1016 2540 Joan.
1034 2520 1087 2544 111,
1107 2510 1224 2542 13-15.
1240 2526 1281 2531 —
1300 2506 1313 2530 ⁴
1337 2512 1432 2541 Joan.
1455 2521 1479 2548 1,

99 2569 153 2600 29.
176 2576 218 2583 —
232 2556 246 2580 ⁵
266 2560 368 2591 Exod.
387 2571 448 2594 xtt.
470 2579 510 2585 -—
530 2557 545 2581 6
562 2563 658 2594 Joan.
681 2571 752 2599 xix,
774 2562 887 2602 39.-—
901 2559 914 2582 ⁷
933 2562 1036 2593 Exod.
1053 2573 1115 2602 xri,
1137 2563 1190 2598 46.
1208 2579 1250 2585 —-
1270 2558 1285 2582 8
1302 2560 1349 2594 Id.
1373 2572 1476 2595 xx.—

97 2608 112 2632 9
127 2614 198 2644 Act.
217 2623 253 2650 η,
274 2611 408 2650 4.-10
429 2613 525 2645 Exod.
545 2624 634 2653 xxm,
659 2615 710 2649 18,
736 2619 767 2645 et
785 2616 881 2647 Deut.
901 2625 949 2655 xx,
977 2626 1087 2647 10.-—
1107 2614 1131 2637 Η
1161 2618 1237 2646 Luc.
1261 2625 1304 2652 xi,
1327 2626 1379 2646 20.
