1795 3253
96 314 272 347 CONTRA
307 310 577 344 ADIMANTUM
612 309 848 342 MANICHAEI
885 309 1108 342 DISCIPUL.
1148 305 1238 344 LI'B.
1281 313 1314 345 1.
1386 314 1465 345 121

96 382 212 428 tione
230 379 418 437 mundi,
447 379 519 424 cui
540 377 675 424 voluit
698 377 751 423 cle
785 377 913 422 Patre
948 378 1244 435 annuntiavit,
1283 379 1369 426 sive
1404 380 1476 426 lo-

97 451 271 516 quendo
285 488 296 506 ,
322 450 409 497 sive
428 447 679 512 apparendo
695 485 706 503 ,
729 447 796 493 vel
819 465 897 511 per
918 448 1153 507 angelicam
1174 449 1362 512 aliquam
1388 468 1475 513 po-

96 532 290 567 testatem
307 558 318 577 ,
342 520 409 566 vel
432 537 510 582 per
532 517 774 582 quamlibet
793 528 1037 562 creaturam
1067 536 1077 562 ς
1106 518 1209 581 quia
1231 519 1323 582 ipse
1357 521 1476 566 estin

95 592 299 637 omnibus
322 591 480 638 veritas
499 626 508 645 ‚
529 599 570 634 et
592 588 735 634 omnia
755 587 818 633 illi
843 598 1072 644 constant,
1095 598 1136 633 et
1157 589 1303 633 omnia
1333 590 1395 635 illi
1422 590 1476 636 ad

95 673 254 709 nutum
277 662 468 708 serviunt
485 698 495 717 ,
521 670 649 723 atque
667 660 860 718 subjecta
879 669 980 704 sunt
999 679 1010 712 3
1030 670 1078 704 ut
1095 659 1227 704 etiam
1246 659 1381 705 oculis
1399 678 1477 724 per

93 732 308 779 visibilem
328 742 567 777 creaturam
584 732 655 776 cui
667 729 761 776 vult
776 767 786 785 ‚
803 729 981 793 quando
1001 729 1224 790 dignatur,
1242 741 1472 794 appareat:

95 819 195 848 cum
218 803 310 866 ipse
332 813 475 847 tamen
499 800 737 847 secundum
766 800 1038 846 divinitatem
1072 817 1194 846 suam
1215 838 1226 857 ‚
1254 811 1296 846 et
1320 818 1477 847 secun—

95 872 202 918 dum
225 873 271 918 id
298 872 417 936 quod
442 871 634 916 Verbum
666 881 728 916 est
762 871 930 926 Patris,
968 881 1234 916 coaeternum
1264 871 1410 928 Patri,
1438 882 1480 917 et

92 942 473 997 incommutabile,
495 959 573 1004 per
586 941 706 1005 quod
726 940 840 986 facta
860 951 962 986 sunt
981 941 1126 986 omnia
1143 978 1154 995 ‚
1173 958 1262 986 non
1276 942 1357 987 nisi
1376 959 1480 1005 pur·

94 1013 310 1073 gatissimo
329 1024 370 1058 et
388 1011 709 1075 simplicissimo
730 1012 861 1058 corde
883 1012 1095 1059 videatur.
1116 1013 1172 1058 Et
1188 1012 1286 1058 ideo
1300 1013 1481 1077 quihus-

94 1082 196 1128 dam
214 1082 320 1128 locis
340 1083 468 1128 etiam
498 1082 725 1145 Scriptura
750 1083 843 1145 ipsa
867 1092 1050 1128 testatur
1069 1082 1283 1143 Angelum
1306 1085 1447 1129 visum
1463 1121 1474 1140 ‚

94 1152 173 1198 ubi
197 1152 306 1198 dicit
332 1152 474 1197 Deum
499 1151 684 1198 visum1.
722 1152 846 1198 Sicut
866 1153 910 1197 in
934 1152 1007 1198 illa
1033 1152 1271 1199 luctatione
1299 1154 1438 1199 Jacob
1462 1191 1474 1210 ‚

94 1233 135 1268 et
159 1222 347 1282 Angelus
366 1222 510 1267 dictus
528 1232 589 1266 est
612 1221 684 1266 ille
707 1222 783 1285 qui
809 1223 1014 1286 apparuit
1032 1223 1066 1270 2.
1091 1224 1258 1268 Etcum
1276 1224 1482 1287 apparuit

93 1294 139 1339 in
159 1294 272 1339 rubo
299 1293 488 1357 Moysiss.
539 1293 594 1338 Et
623 1293 724 1338 item
749 1293 794 1338 in
824 1311 988 1347 eremo,
1017 1311 1118 1339 cum
1142 1298 1234 1354 jam
1267 1293 1479 1340 eduxisset

92 1362 311 1427 populum
349 1363 402 1408 de
452 1374 566 1408 terra
613 1364 786 1426 AEgypti
804 1400 814 1419 ,
858 1363 1038 1428 quando
1089 1364 1226 1423 legem
1272 1364 1444 1427 accepit
1466 1401 1477 1419 ‚

93 1435 210 1479 Deus
232 1434 269 1479 ei
289 1433 461 1480 locutus
484 1433 593 1481 estl‘.
622 1433 706 1478 Sed
728 1434 817 1479 sive
842 1434 887 1479 in
914 1435 1026 1479 ruho
1047 1472 1057 1490 ‚
1085 1451 1188 1479 cum
1210 1451 1310 1479 eum
1330 1434 1445 1479 misit
1464 1454 1475 1488 3

94 1504 182 1550 sive
208 1515 377 1567 postea,
402 1521 503 1550 cum
525 1504 562 1550 ei
589 1504 723 1564 legem
745 1504 895 1557 dedit3
925 1504 1138 1564 Angelum
1157 1504 1265 1550 dicit
1289 1504 1479 1567 Stepha-

92 1590 174 1619 nus
195 1574 241 1619 in
264 1574 449 1619 Actibus
474 1573 783 1652 Apostolorum
812 1575 850 1619 ei
886 1575 1134 1637 apparuisse
1149 1574 1182 1621 ⁵.
1229 1573 1362 1630 Quod
1384 1575 1481 1620 ideo

94 1643 306 1700 dicimus,
335 1661 388 1690 ne
413 1644 547 1708 quis
537 1644 773 1690 arbitretur
790 1644 982 1688 Verbum
1003 1645 1110 1698 Dei,
1132 1662 1213 1705 per
1228 1645 1349 1705 quod
1367 1644 1480 1689 facta

92 1723 195 1759 sunt
219 1713 394 1768 omnia,
427 1713 548 1775 quasi
571 1729 651 1775 per
673 1712 793 1758 locos
816 1729 940 1774 posse
965 1711 1162 1768 definiri,
1190 1722 1232 1756 et
1261 1711 1390 1757 alicui
1409 1713 1481 1758 xi—

94 1782 278 1829 sibiliter
300 1798 536 1845 apparere
558 1781 637 1826 nisi
662 1799 774 1845 per
763 1781 954 1860 aliquam
975 1749 1192 1827 visibilein
1219 1793 1476 1829 creaturam.

93 1853 220 1899 Sicut
239 1853 355 1897 enim
370 1852 565 1897 Verbum
586 1853 666 1897 Dei
689 1863 750 1897 est
770 1853 814 1897 in
835 1852 1080 1915 Propheta,
1098 1863 1140 1897 et
1156 1864 1271 1898 recte
1290 1853 1476 1899 dicitm:

95 1923 216 1968 Dixit
238 1923 480 1976 Dominus3
503 1921 606 1986 quia
634 1922 830 1967 Verbum
858 1922 964 1977 Dei,
1002 1923 1122 1984 quod
1154 1933 1216 1968 est
1245 1923 1445 1970 Christus
1468 1962 1480 1981 ,

95 1995 140 2040 in
164 1993 387 2056 Propheta
407 1992 603 2056 loquitur
623 1992 849 2037 veritatem
879 2010 889 2036 ε
917 1992 977 2037 sic
1000 2003 1041 2037 et
1063 1993 1108 2037 in
1128 1993 1292 2053 Angelo
1316 1994 1407 2057 ipse
1421 1995 1483 2040 lo-

92 2064 247 2128 quitur
267 2100 277 2119 ,
316 2063 493 2126 quando
530 2063 753 2108 veritatem
795 2063 982 2123 Angelus
1010 2064 1273 2117 annuntiat3
1303 2075 1345 2110 et
1369 2076 1482 2111 recte

94 2133 256 2179 dicitur
282 2150 292 2177 z
321 2134 436 2177 Deus
459 2132 594 2186 dixit3
622 2144 662 2178 et
679 2170 689 2188 ,
716 2134 831 2179 Deus
853 2135 1059 2197 apparuit
1085 2152 1095 2178 :
1123 2145 1165 2179 et
1187 2134 1289 2180 item
1320 2135 1484 2181 dicitur

94 2215 234 2249 recte:
254 2202 439 2262 Angelus
458 2202 582 2258 dixit,
606 2213 665 2259 et,
691 2203 876 2263 Angelus
902 2204 1108 2266 apparuit
1125 2224 1137 2257 3
1157 2221 1259 2250 cum
1282 2205 1391 2251 illud
1412 2206 1486 2252 di-

103 2284 228 2319 catur
256 2290 304 2318 ex
329 2289 512 2335 persona
539 2272 826 2318 inhabitantis
858 2274 967 2330 Dei,
989 2273 1101 2319 illud
1124 2291 1171 2319 ex
1191 2291 1375 2337 persona
1395 2293 1486 2321 serm

95 2343 253 2390 vientis
270 2352 493 2388 creaturae.
521 2343 580 2386 Ex
596 2341 681 2388 hac
696 2342 843 2403 regula
866 2343 995 2389 etiam
1016 2343 1250 2407 Apostolus
1271 2345 1330 2390 ait
1353 2362 1364 2389 :
1386 2348 1486 2391 «An

99 2435 120 2455 »
148 2412 279 2458 vultis
307 2411 649 2475 experimentum
683 2415 773 2473 ejus
800 2413 996 2477 accipere
1022 2414 1099 2478 qui
1120 2415 1166 2460 in
1189 2431 1257 2460 me
1287 2414 1485 2478 loquitur

96 2504 116 2525 ›>
140 2482 309 2530 Christi
323 2483 341 2511 6
355 2485 374 2528 P
388 2504 409 2525 >2

148 2575 159 2597 ¹
178 2578 261 2607 Gen.
279 2585 372 2613 xxm,
392 2585 422 2613 1,
442 2585 533 2607 2.-
546 2572 745 2612 21d.xxx11‚
774 2582 829 2613 22,
847 2592 894 2601 —
915 2573 930 2598 3
954 2577 1061 2611 Exod.
1077 2588 1132 2617 111,
1158 2588 1190 2609 2.
1204 2595 1248 2602 —
1264 2574 1343 2611 4111.
1361 2587 1430 2617 mx,
1449 2580 1482 2623 3,

95 2634 127 2661 et
139 2639 226 2671 seqq.
240 2645 280 2651 ——-
304 2626 318 2650 ⁵
331 2630 404 2660 Act.
425 2639 488 2671 vu,
508 2628 623 2660 30-35.
636 2645 686 2655 —
698 2625 713 2650 6
730 2638 748 2660 2
763 2630 838 2665 Cor.
857 2641 935 2674 xm,
958 2632 995 2666 3.
