1795 3253
221 299 397 331 CONTRA
430 297 630 329 rAusruM
663 294 965 337 Manicnffitm,
1004 296 1091 328 mn.
1134 299 1224 328 xix.
1338 284 1428 339 483

60 384 132 414 rus
165 367 366 414 Christus
404 364 743 430 prophetaretur
759 399 770 416 ,
818 379 953 425 usque
995 363 1101 410 adeo
1141 381 1229 411 non
1271 365 1433 413 debent

58 449 288 502 propterea
304 438 448 501 putari
465 453 543 500 per
560 433 723 480 Christi
738 431 972 479 adventum
990 451 1077 480 uon
1094 436 1304 500 impletae‚
1325 439 1431 501 quia

58 509 133 555 illo
152 510 349 556 veniente
372 525 460 554 non
487 507 789 560 observantur,
817 514 864 549 ut
882 505 963 550 nisi
981 509 1073 565 jam
1092 524 1170 570 per
1194 507 1429 555 adventum

59 580 538 644 Christiimplereutur‚
559 577 707 624 adhuc
718 577 1062 624 observarentur.
1090 579 1141 623 In
1160 579 1332 625 nullum
1351 597 1425 626 au-

57 662 143 698 tem
167 669 324 698 nomen
346 650 579 711 religionis,
606 665 680 695 seu
702 664 852 694 verum
869 684 881 703 ‚
912 664 984 694 seu
1008 647 1187 705 falsum,
1211 651 1432 711 coagulari

59 721 256 768 homines
270 731 468 785 possunt,
493 720 575 766 nisi
591 719 736 782 aliquo
756 718 1077 778 signaculorum
1094 720 1162 766 vel
1185 738 1434 768 sacramen-

58 803 204 839 torum
226 792 464 839 visibilium
495 791 711 837 consortio
742 789 1025 850 colligentur:
1065 808 1255 855 quorum
1289 812 1438 839 sacra-

56 874 302 910 mentorum
338 863 402 909 vis
424 861 771 908 inenarrabiliter
808 860 922 906 valet
957 861 1227 924 plurimum,
1269 875 1309 910 et
1335 864 1433 911 ideo

59 944 308 998 contempta
336 933 563 993 sacrilegos
585 932 703 979 facit.
752 931 891 995 Impie
931 932 1098 996 quippe
1118 936 1431 992 contemnitur,

59 1005 148 1051 sine
172 1022 258 1069 qua
278 1023 366 1051 non
391 1014 536 1068 potest
556 1003 711 1067 perfici
735 1002 886 1066 pietas.

125 1077 227 1123 Xll.
259 1077 567 1122 Verumtamen
605 1074 711 1136 quia
751 1072 939 1119 visibilia
963 1085 1230 1121 sacramenta
1263 1077 1437 1139 pietatis

57 1145 381 1210 inessepossunt
393 1146 522 1190 etiam
533 1144 696 1207 impiiS,
710 1143 822 1188 sieut
833 1143 1036 1189 habuisse
1056 1157 1254 1192 sanctum
1268 1149 1434 1211 baptis-

59 1235 182 1264 mum
198 1218 329 1263 etiam
348 1233 525 1276 magum
546 1215 765 1261 Simonem
789 1213 995 1273 legimus1
1013 1233 1022 1259 :
1052 1216 1164 1261 fiunt
1183 1218 1307 1275 tales,
1331 1238 1436 1284 qua-

59 1289 121 1335 les
145 1288 378 1352 Apostolus
401 1287 483 1333 ait:
510 1308 530 1328 <c
553 1286 773 1331 Habentes
798 1284 980 1330 sormam
1004 1286 1174 1348 pietatis
1193 1326 1203 1343 ‚
1229 1290 1435 1338 virtutem

64 1381 85 1402 η
106 1370 249 1405 autem
276 1363 366 1419 ejus
388 1356 693 1417 abnegantes2.
719 1355 865 1400 Virtus
883 1366 1025 1400 autem
1043 1357 1214 1419 pietatis
1243 1371 1303 1405 est
1334 1363 1431 1407 finis

59 1451 80 1472 »
101 1429 331 1493 praecepti,
355 1427 401 1474 id
423 1438 502 1483 est,
529 1426 720 1473 charitas
738 1425 790 1471 de
807 1426 938 1472 corde
964 1444 1073 1489 puro
1098 1439 1140 1473 et
1170 1433 1434 1480 conscicntia

58 1522 79 1543 >2
103 1501 219 1546 bona
235 1510 276 1545 et
302 1499 388 1544 fide
408 1515 495 1543 non
510 1498 613 1543 ficta
627 1497 659 1543 3.
679 1518 699 1538 ›>
729 1496 850 1542 Unde
875 1498 1095 1559 apostolus
1133 1499 1305 1557 Petrus,
1334 1521 1436 1550 cum

57 1570 110 1617 de
129 1579 396 1616 sacramento
420 1584 534 1614 arcae
551 1605 563 1624 ,
588 1567 635 1612 in
658 1584 745 1631 qua
773 1568 866 1612 Noe
890 1567 1046 1613 domus
1076 1587 1098 1614 a
1132 1569 1297 1617 diluvio
1317 1573 1433 1621 libe-

55 1651 149 1686 rata
169 1651 257 1694 est,
283 1639 535 1703 loqueretur
556 1656 565 1683 :
614 1658 635 1679 α
659 1638 731 1682 Sic
767 1647 809 1681 et
833 1654 925 1692 vos,
954 1639 1112 1700 inquit,
1141 1640 1270 1687 simili
1294 1643 1435 1690 forma

57 1733 78 1754 >2
104 1711 322 1774 baptisma
342 1709 479 1755 salvos
506 1708 612 1754 facit
624 1714 658 1754 ²⁴.
690 1729 710 1748 >2
730 1709 785 1752 Et
810 1724 862 1752 ne
898 1706 980 1752 sibi
1012 1708 1205 1755 sufficere
1228 1723 1433 1774 putarent

56 1782 225 1828 visibile
249 1789 584 1835 sacramentum,
611 1795 689 1842 per
724 1776 844 1840 quod
867 1777 1095 1824 habebant
1130 1778 1314 1829 formam
1333 1787 1432 1848 pie-

55 1854 180 1911 tatis,
200 1864 243 1899 et
264 1870 343 1916 per
355 1851 490 1898 malos
511 1868 651 1896 mores
686 1849 853 1913 perdite
891 1849 1076 1895 vivendo
1114 1852 1318 1900 virtutem
1342 1862 1432 1916 ejus

56 1924 337 1984 abnegarent,
364 1922 572 1967 continuo
599 1920 786 1979 subjecit
810 1938 820 1965 ε
863 1942 882 1961 «
921 1921 1017 1965 Non
1046 1923 1186 1968 carnis
1217 1925 1431 1989 depositio

58 2016 79 2038 >2
98 1995 316 2048 sordium,
344 1992 418 2038 sed
437 1991 714 2038 conscientiae
737 1991 865 2037 bonae
889 1991 1182 2052 interrogatio.
1215 2018 1234 2037 ›2

120 2067 247 2113 XIII.
267 2062 457 2110 Proinde
481 2062 625 2126 prima
645 2072 931 2117 sacramenta,
956 2079 1055 2126 quae
1082 2065 1430 2117 observabantur

55 2148 97 2184 et
114 2135 448 2193 celebrabantur
457 2150 505 2179 ex
513 2135 642 2193 Lege,
663 2133 1003 2196 praenuntiativa
1013 2146 1134 2180 erant
1145 2137 1308 2186 Christi
1322 2159 1424 2188 ven-

55 2208 171 2254 turi:
193 2223 294 2271 quae
313 2223 415 2252 cum
438 2222 515 2251 suo
542 2204 730 2250 adventu
750 2204 950 2250 Christus
972 2205 1253 2269 implevisset,
1281 2212 1426 2260 ablata

55 2289 181 2332 sunt3
200 2288 242 2323 et
257 2276 355 2323 ideo
376 2276 537 2332 ablata,
565 2275 668 2339 quia
701 2274 906 2339 impleta3
938 2293 1026 2322 non
1051 2278 1166 2324 enim
1192 2283 1310 2328 venit
1334 2285 1425 2331 sol*

55 2367 153 2397 vere
164 2350 340 2409 Legem,
364 2347 439 2393 sed
459 2345 694 2410 adimplere
718 2364 728 2392 ς
751 2356 793 2392 et
822 2346 905 2392 alia
927 2357 1027 2392 sunt
1047 2348 1244 2398 instituta
1265 2354 1423 2403 virtute

55 2423 221 2480 majora
239 2455 250 2475 ‚
272 2417 455 2464 utilitate
477 2416 654 2463 meliora
672 2453 684 2472 ‚
719 2426 820 2462 actu
842 2416 1035 2464 faciliora
1052 2456 1063 2475 ,
1090 2437 1271 2469 numero
1306 2443 1423 2488 pau-

55 2489 191 2547 ciora,
219 2499 427 2552 tanquam
441 2487 612 2548 justitia
644 2486 747 2533 fidei
787 2486 972 2535 revelata
994 2527 1006 2546 ,
1052 2500 1094 2536 et
1112 2491 1158 2536 in
1176 2491 1421 2543 libertatem

108 2603 121 2626 ¹
135 2606 208 2637 Aet.
228 2612 304 2647 vm,
324 2602 378 2636 13.
395 2618 443 2626 —
459 2598 475 2624 ²
490 2611 508 2632 2
523 2600 609 2637 Tim.
628 2611 677 2642 111,
691 2602 724 2636 5.
742 2619 786 2626 —
803 2598 817 2624 3
832 2612 847 2633 1
867 2602 951 2638 Tim.
967 2616 991 2643 1,
1014 2606 1045 2640 5,
1061 2623 1104 2629 -—
1118 2598 1134 2624 4
1152 2617 1165 2637 1
1187 2610 1272 2641 Petr.
1286 2621 1338 2652 ω,
1353 2624 1410 2646 21,

1225 2672 1300 2720 31.
