1795 3253
286 228 377 275 208
693 244 726 274 s·
770 244 1010 276 Aucrs‘rixi
1050 245 1254 277 lii’lscot‘l

350 311 406 355 ll.
451 309 713 368 Augustinus
737 313 958 374 respondit
989 331 998 357 :
1034 312 1418 371 Quemadmodum
1459 325 1499 360 et
1523 332 1657 378 quare

282 380 521 443 accipiatur
540 381 864 428 Testamentum
887 384 1017 429 Vetus
1043 383 1099 428 ab
1123 383 1374 430 lueredibus
1394 386 1657 432 Testamenti

284 452 419 498 Novi.
447 456 537 511 jam
556 469 687 515 supra
708 452 907 501 diximus.
954 454 1037 499 Sed
1062 454 1164 517 quia
1191 455 1321 517 paulo
1342 467 1437 501 aute
1464 457 1517 502 de
1551 475 1659 520 pro-

282 522 416 567 missis
437 526 527 582 eJ'us
555 523 734 567 Faustus
760 523 891 583 egit¹‚
916 542 1032 570 nuuc
1053 535 1195 568 autem
1217 525 1270 570 de
1287 527 1519 590 praeceptis
1538 545 1658 588 agere

281 592 419 637 voluit
468 592 704 656 respondeo
723 593 824 639 istos
846 596 1024 640 omniuo
1048 595 1227 651 nescire,
1247 596 1352 658 quid
1367 597 1532 643 intersit
1548 598 1659 644 inter

279 675 502 727 przecepta
527 664 629 709 vitae
653 665 830 724 agendae
848 703 858 721 ,
885 677 926 711 et
949 676 1170 730 praeeepta
1206 667 1309 712 vitae
1340 667 1651 728 significandae.

280 735 476 797 Exempli
511 735 646 794 gratia
675 753 685 779 z
719 756 738 775 α
764 737 859 780 «Non
894 736 1229 799 concupisces&
1253 758 1272 777 »
1299 749 1574 802 praeceptmn
1598 749 1660 784 est

280 804 458 863 agendse
494 806 607 852 viiae.
647 827 666 846 «
693 805 992 852 Circumcides
1022 824 1192 852 omnem
1227 807 1468 854 masculum
1503 820 1658 854 octavo

280 895 301 916 >)
320 875 389 921 die
404 876 748 940 ³,›>praeceptum
770 888 832 922 est
853 877 1149 937 significanda*
1167 878 1281 925 vitee.
1306 879 1365 923 Ex
1388 879 1471 924 hac
1493 879 1659 943 quippe

278 946 495 1010 imperitia
522 948 758 993 Manicliwi
781 985 790 995 .
815 959 855 993 et
885 966 1031 993 omues
1064 949 1226 1012 quibus
1250 949 1482 1013 displicent
1503 950 1659 996 litterae

281 1017 712 1064 temrisTestamenti
733 1019 952 1082 quidquid
969 1021 1081 1065 Deus
1100 1019 1323 1065 mandavit
1344 1021 1479 1084 priori
1491 1021 1659 1084 populo

278 1088 330 1133 ad
350 1089 660 1135 celebrandum
681 1128 691 1146 ,
720 1091 922 1136 umbram
946 1090 1198 1136 futurorum
1225 1108 1313 1136 non
1342 1091 1626 1151 intelligentes
1645 1129 1656 1148 ‚

277 1169 319 1203 et
342 1176 389 1204 ea
415 1160 545 1206 modo
558 1178 644 1206 non
665 1161 886 1207 observari
914 1162 1321 1209 animadvertentes.
1342 1180 1389 1207 ex
1406 1180 1524 1208 more
1547 1179 1661 1226 prse-

278 1231 406 1276 sentis
430 1232 637 1295 temporis
668 1231 742 1277 illa
770 1232 1121 1295 reprehendunt,
1149 1250 1249 1296 quae
1282 1232 1431 1296 utique
1462 1232 1525 1278 illi
1545 1244 1659 1278 tem-

278 1302 375 1364 pori
402 1302 727 1362 congruebant,
755 1319 843 1366 quo
874 1303 955 1348 ista
989 1320 1088 1366 quae
1124 1319 1242 1348 nunc
1278 1302 1502 1348 manifesta
1522 1313 1623 1349 sunt
1643 1341 1654 1360 ,
1711 1309 1717 1314 “

279 1384 461 1419 ventura
483 1374 843 1434 significarentur.
888 1374 971 1420 Sed
998 1374 1106 1438 quid
1140 1374 1299 1420 dicturi
1333 1385 1434 1420 sunt
1457 1374 1659 1420 adversus

281 1444 566 1507 Apostolum,
588 1445 660 1508 qui
685 1445 743 1490 ait
765 1463 774 1490 :
797 1467 816 1486 «
834 1446 940 1490 Haec
961 1446 1105 1490 omnia
1125 1446 1167 1490 iu
1190 1445 1323 1505 figura
1345 1446 1660 1506 contingebant

279 1536 299 1555 »
322 1515 406 1560 illis
424 1552 434 1571 ‚
464 1516 627 1580 scripta
649 1526 747 1561 sunt
772 1527 913 1561 autem
938 1527 1121 1580 propter
1139 1533 1235 1565 nos.
1262 1516 1307 1561 in
1336 1533 1444 1579 quos
1467 1516 1564 1562 finis
1582 1534 1659 1562 sae-

281 1608 302 1628 ›>
330 1586 528 1632 culorum
557 1587 790 1633 obvenitssp
810 1610 828 1628 »
852 1589 965 1633 Eece
989 1588 1079 1651 ipse
1103 1587 1272 1650 aperuit
1297 1604 1377 1633 cur
1395 1587 1481 1633 illae
1504 1587 1660 1634 litterae

280 1658 554 1721 accipiantur
579 1659 744 1704 anobis
763 1696 773 1715 ,
796 1670 837 1704 et
860 1676 940 1704 cur
964 1656 1037 1704 illa
1063 1676 1204 1704 rerum
1233 1659 1351 1718 signa
1377 1662 1467 1719 jam
1491 1676 1660 1704 necesse

280 1745 366 1773 nou
393 1729 446 1773 sit
472 1739 519 1774 ut
540 1730 822 1775 observentur
840 1730 1017 1775 anobis.
1043 1732 1156 1774 (lum
1179 1729 1293 1774 enim
1315 1729 1424 1775 dicit
1449 1747 1459 1774 ι
1484 1729 1659 1793 Scripta

280 1810 381 1844 sunt
403 1810 584 1863 propter
610 1817 711 1857 nos,
742 1801 898 1864 procul
924 1800 1061 1846 dubio
1079 1800 1370 1856 demonstrat,
1395 1811 1560 1865 quanta
1576 1819 1660 1847 no·-

281 1872 348 1916 l›is
372 1889 476 1918 cura
502 1872 680 1932 legenda
706 1884 746 1919 et
770 1872 1068 1933 intelligenda,
1093 1874 1196 1917 etin
1219 1883 1382 1935 quauta
1403 1873 1660 1918 auctoritate

282 1942 486 1989 habenda
499 1945 584 1990 sint
598 1982 607 1995 ,
631 1944 733 2008 quia
754 1955 937 2008 propter
955 1961 1031 1989 nos
1056 1943 1207 2007 utique
1226 1943 1386 2006 scripta
1401 1954 1502 1988 sunt
1526 1961 1536 1988 :
1558 1959 1660 1989 cum

282 2030 382 2059 vero
410 2014 518 2060 dicit
540 2033 549 2059 :
583 2016 752 2075 Figurae
780 2025 940 2061 nostrae
962 2014 1139 2060 fuerunt
1155 2052 1165 2067 ‚
1193 2024 1233 2058 et
1254 2016 1298 2058 in
1321 2014 1460 2074 figura
1485 2013 1659 2060 contin-

282 2084 440 2144 gebant
464 2085 572 2140 illis,
594 2085 781 2131 ostendit
800 2089 891 2145 jam
911 2102 998 2131 non
1021 2102 1131 2149 opus
1155 2101 1241 2129 esse
1260 2102 1269 2129 :
1301 2095 1348 2129 ut
1373 2101 1473 2130 cum
1497 2102 1561 2130 res
1584 2085 1660 2148 ip-

280 2172 344 2200 sas
370 2156 661 2202 manilestatas
687 2156 853 2216 agimus
872 2193 882 2211 ,
906 2157 1144 2217 figurarum
1171 2155 1562 2218 praenuntiantium
1583 2172 1660 2200 ce-

278 2225 511 2272 lebrationi
535 2227 783 2273 serviamus.
819 2226 944 2272 Unde
967 2226 1075 2271 dicit
1102 2226 1185 2271 alio
1211 2225 1308 2270 loco
1330 2243 1341 2270 ι
1366 2246 1385 2265 «
1406 2226 1541 2270 Nemo
1559 2242 1659 2285 ergo

284 2319 304 2339 ³>
329 2298 582 2358 vosjudicet
596 2300 639 2344 in
657 2298 758 2344 cibo
775 2336 785 2354 ‚
816 2309 890 2344 aut
910 2299 953 2343 in
972 2309 1079 2362 potu
1097 2335 1107 2354 ,
1128 2308 1202 2343 aut
1226 2297 1271 2342 in
1291 2307 1413 2360 parte
1433 2296 1519 2342 diei
1542 2296 1655 2354 festi,

280 2390 302 2411 >›
328 2380 401 2414 aut
422 2370 658 2414 neomeniae.
678 2406 689 2424 ‚
715 2379 788 2414 aut
816 2369 1101 2415 sabbatorum
1120 2406 1130 2423 ‚
1157 2384 1257 2431 quae
1283 2378 1384 2412 sunt
1410 2367 1566 2413 umbra
1586 2367 1660 2413 fu-

283 2461 304 2482 »
329 2450 526 2486 turorum
541 2441 572 2488 5.
597 2462 617 2482 ›>
637 2440 752 2486 Hinc
771 2440 899 2486 etiam
915 2458 1017 2486 cum
1042 2440 1150 2487 dicit
1174 2457 1184 2484 :
1206 2439 1342 2485 Nemo
1361 2456 1437 2486 vos
1453 2439 1499 2485 in
1515 2439 1658 2499 eisju-

331 2530 340 2552 ¹
364 2531 444 2563 Vide
460 2542 554 2575 supra
571 2531 627 2563 lib.
648 2542 691 2569 ιν,
711 2542 782 2574 cap.
810 2542 843 2564 2.
869 2548 914 2555 -
931 2529 947 2553 2
964 2530 1067 2565 Exod.
1088 2541 1142 2570 xx,
1172 2541 1224 2570 17.
1243 2546 1287 2554 —
1305 2526 1320 2553 3
1344 2531 1428 2562 Gen.
1449 2539 1528 2570 xvn,
1547 2539 1597 2561 10.
1612 2547 1657 2554 —

276 2580 290 2606 ⁴
318 2596 327 2615 1
353 2588 430 2616 (jor.
450 2596 479 2623 x,
500 2596 556 2620 21.
574 2603 616 2609 ·-
636 2582 650 2608 ⁵
668 2584 832 2624 Cotos.11‚
856 2585 909 2619 16,
