1795 3253
361 297 447 352 146
777 310 811 340 s.
856 310 1100 343 AUGUSTINI
1135 311 1340 343 Eriscorl

356 396 377 416 »
404 374 545 419 monia
561 410 571 427 ‚
589 372 876 436 blasphemia)
891 395 902 428 ;
917 375 1015 421 lia³c
1033 387 1134 421 sunt
1157 393 1256 439 qnae
1281 376 1566 441 coinquinant
1582 377 1731 425 homi-

354 467 374 487 »
399 461 511 490 nem.
535 443 634 489 Non
658 443 757 489 lotis
781 455 922 490 autem
957 448 1158 492 manibus
1186 447 1452 494 manducare
1467 486 1477 499 ,
1497 466 1584 494 non
1605 449 1732 494 coin-
1794 448 1795 451 ’

354 537 374 557 »
401 515 553 578 quinat
568 514 868 562 hominem1.»
886 517 948 562 De
962 535 1048 562 non
1072 517 1171 562 lotis
1190 528 1334 563 autem
1361 519 1565 564 manibus
1587 518 1734 564 Judaei

351 598 575 633 moverant
590 587 892 649 qnaestionem,
908 593 1032 648 cujus
1053 589 1274 634 occasione
1298 589 1508 636 Dominus
1522 589 1732 650 generali-

356 668 418 703 ter
436 658 489 704 de
503 659 552 704 iis
568 675 666 721 quae
684 658 727 703 in
744 674 790 703 os
808 658 989 715 intrant,
1017 670 1058 705 et
1076 660 1119 705 in
1131 670 1322 705 ventrem
1338 660 1523 717 vadunt,
1545 661 1646 706 etin
1663 678 1732 706 se-

352 746 518 775 cessum
543 730 915 786 emittuntur,hoc
939 741 1017 785 est,
1040 730 1093 776 de
1106 731 1317 776 alimentis
1333 731 1487 777 nostris
1509 731 1615 776 dixit
1632 748 1733 777 sen-

356 800 550 846 tentiam.
594 800 861 863 Quanquam
893 818 992 860 ergo
1017 802 1266 847 convocatis
1303 800 1357 847 ad
1380 818 1420 847 se
1454 802 1594 847 turbis
1632 819 1733 848 eum

353 870 506 916 dixisse
537 869 748 932 scriptum
767 871 849 916 sit:
875 893 895 911 «
921 872 1017 917 Non
1041 872 1159 934 quod
1186 873 1317 917 intrat
1343 872 1387 917 in
1408 889 1453 917 os
1477 873 1735 937 coinquinat

353 963 374 982 »
403 942 645 997 hominem,
677 941 749 987 sed
775 942 891 1004 quod
909 942 1109 1005 procedit
1127 960 1173 987 ex
1190 960 1262 987 ore
1282 960 1291 987 :
1311 964 1330 984 »
1359 953 1510 988 tamen
1534 943 1610 989 iste
1644 959 1733 1007 quo

351 1013 506 1058 timore
529 1012 616 1058 hoc
636 1012 851 1058 addiderit
878 1013 1019 1059 verbis
1049 1014 1151 1062 suis.
1181 1014 1344 1077 quibus
1365 1013 1621 1074 hujusmodi
1648 1024 1734 1060 tes-

350 1084 584 1128 timonium
608 1085 988 1137 commcnmravit,
1011 1084 1110 1129 satis
1131 1094 1330 1148 apparet,
1355 1084 1467 1130 sicut
1483 1083 1617 1148 paulo
1636 1095 1734 1130 ante

349 1154 519 1200 dictum
544 1165 630 1211 est,
660 1165 709 1200 ut
746 1155 927 1201 liaberet
960 1156 1080 1219 quod
1118 1156 1399 1220 responderet
1433 1156 1491 1200 cis
1529 1157 1606 1218 qui
1650 1155 1735 1200 sibi

347 1226 632 1289 quaestionem
657 1225 905 1275 movissent*
931 1242 1010 1270 cur
1030 1227 1237 1289 primates
1250 1226 1598 1271 R‘lanichzeorum
1617 1224 1734 1271 nefas

350 1296 433 1341 sibi
446 1313 531 1340 esse
545 1295 788 1341 existimant
807 1296 1012 1341 carnibus
1032 1296 1147 1342 vesci
1168 1314 1177 1341 :
1199 1296 1401 1342 videlicet.
1423 1307 1469 1342 ut
1488 1295 1595 1341 illud
1613 1295 1734 1359 quod

349 1366 565 1411 Dominus
586 1367 671 1421 ait,
696 1366 834 1411 turbis
865 1377 1054 1423 tantum,
1085 1384 1174 1411 non
1208 1367 1366 1412 Electis
1396 1367 1649 1413 concessisse
1662 1366 1733 1411 vi-

351 1436 537 1484 deretur.
573 1436 656 1481 Sed
672 1454 774 1482 cum
789 1454 835 1481 ex
860 1437 1227 1500 consequentibus
1251 1437 1518 1482 declaratum
1532 1438 1586 1483 sit
1604 1436 1733 1482 etiam

348 1507 479 1551 Petro
506 1523 694 1552 seorsum
720 1508 1027 1567 interroganti,
1074 1508 1440 1571 audientibusque
1467 1507 1729 1571 Discipulis‚

349 1594 460 1641 quos
486 1577 635 1640 utique
661 1577 715 1622 ad
734 1577 907 1623 culmen
930 1578 1133 1624 Ecclesiae
1155 1578 1434 1641 producebat
1451 1616 1462 1635 ,
1484 1579 1541 1624 ita
1557 1596 1734 1642 respon-

349 1648 459 1694 disse
484 1648 723 1693 Dominum
739 1686 748 1703 ‚
773 1659 822 1693 ut
840 1665 978 1712 neque
1014 1666 1093 1713 per
1115 1649 1373 1712 parabolam
1401 1666 1441 1694 se
1479 1648 1552 1694 illa
1577 1648 1734 1695 dixisse

350 1729 529 1765 testatus
550 1718 621 1774 sit,
648 1729 688 1764 et
707 1718 761 1764 ad
787 1736 933 1764 omnes
959 1720 1173 1783 pertinere
1195 1720 1523 1774 monstraverit3
1549 1738 1637 1766 non
1655 1721 1733 1766 ha·

348 1790 453 1835 bent
482 1790 552 1835 isti
573 1789 688 1835 unde
710 1788 906 1835 auferant
930 1790 1053 1836 cibos
1084 1790 1137 1836 de
1171 1790 1375 1836 faucibus
1399 1789 1632 1837 hominum
1651 1828 1662 1849 ‚
1690 1801 1733 1836 et

346 1877 416 1905 eas
439 1860 593 1924 laqueo
611 1860 931 1923 superstitionis
951 1860 1205 1921 astringant.

418 1931 624 1976 Fortassis
643 1931 798 1994 aliquis
824 1948 974 1977 eorum
995 1931 1136 1977 dieat:
1173 1931 1367 1978 Edissere
1385 1949 1486 1992 ergo
1509 1931 1618 1996 quid
1645 1931 1734 1993 sig-

349 2003 498 2048 nificet
522 2018 623 2048 caro
648 2002 799 2065 porci,
844 2013 886 2048 et
925 2002 1102 2059 cameli,
1139 2013 1180 2048 et
1219 2002 1407 2066 leporis,
1436 2013 1478 2047 et
1509 2002 1660 2057 milvi,
1690 2011 1733 2048 et

351 2073 489 2130 corvi,
507 2083 548 2119 et
558 2084 817 2119 caeterorum
836 2090 859 2120 a
875 2073 1037 2137 quibus
1060 2073 1368 2119 abstinendum
1380 2073 1426 2119 in
1443 2075 1555 2134 Lege
1570 2073 1735 2136 praeei-

351 2144 488 2207 pitur.
519 2143 649 2199 Nolo,
687 2144 791 2208 quia
829 2143 1010 2203 longum
1034 2154 1109 2191 est.
1148 2142 1233 2190 Sed
1256 2142 1324 2189 fac
1359 2160 1428 2190 me
1470 2160 1559 2189 non
1588 2160 1731 2206 posse,

350 2213 569 2277 numquid
591 2224 822 2278 propterea
846 2215 992 2260 nullus
1005 2218 1180 2278 potest?
1211 2216 1269 2261 Et
1287 2225 1386 2261 sunt
1397 2219 1488 2275 jam
1510 2213 1734 2261 volumina

351 2284 689 2330 innumerabilia
714 2284 760 2330 in
782 2285 943 2348 quibus
963 2285 1043 2331 ista
1062 2285 1253 2350 exposita
1285 2297 1399 2333 sunt.
1432 2285 1570 2331 Nobis
1588 2296 1734 2331 tamen

355 2354 409 2401 ad
422 2355 503 2401 hos
527 2354 781 2401 refellendos
804 2356 904 2402 satis
923 2366 1001 2413 est,
1029 2356 1151 2420 quod
1185 2373 1253 2402 eas
1292 2355 1614 2402 observationes
1631 2372 1734 2402 um—

353 2424 481 2470 bram
505 2441 591 2470 esse
612 2424 879 2482 futurorum,
902 2443 989 2471 non
1013 2443 1108 2487 ego,
1136 2425 1209 2473 sed
1237 2425 1471 2490 Apostolus
1485 2425 1610 2482 dicit,
1632 2442 1733 2473 cum

354 2496 485 2541 etiam
506 2506 623 2542 vetat
640 2496 848 2543 serviliter
877 2497 1121 2555 observari,
1151 2497 1223 2544 sed
1248 2509 1391 2544 tamen
1410 2496 1575 2562 aliquid
1597 2497 1736 2557 signi-

356 2568 486 2613 ficare
504 2566 696 2614 declarat
711 2605 721 2624 ‚
747 2567 894 2615 dicens
919 2586 930 2614 z
954 2570 1127 2616 «Nemo
1152 2586 1252 2630 ergo
1269 2587 1346 2618 vos
1360 2569 1531 2630 judicet
1542 2569 1588 2617 in
1610 2567 1729 2625 cibo,

406 2650 415 2672 ¹
433 2649 551 2683 Matih.
570 2661 623 2686 xv.
647 2651 763 2684 15-20.
