1795 3253
349 256 437 302 352
770 268 809 296 s·
849 268 1090 300 aucusrim
1127 270 1330 300 EPISCOPI

348 334 401 380 Ili
427 343 528 378 sunt
547 332 758 392 fulgentes
778 333 894 379 oculi
919 353 941 380 a
966 335 1082 381 vino.
1108 333 1192 379 Sed
1212 345 1355 380 tamen
1380 337 1482 399 quia
1499 338 1723 402 sequitur:

342 428 361 446 «
388 406 486 450 Sive
511 415 794 467 temperantes
819 423 966 452 sumus
986 444 995 454 .
1025 406 1150 451 robis
1171 405 1187 434 '¹
1212 425 1223 452 :
1245 430 1264 448 »
1292 424 1371 452 nee
1396 409 1572 470 parvuli
1598 409 1727 455 relin-

341 486 536 538 quuntur
559 474 706 520 adhue
731 475 842 521 laete
884 476 1104 522 nutriendi
1120 477 1156 532 2,
1194 477 1297 541 quia
1322 488 1363 523 et
1387 479 1462 525 hic
1494 480 1688 543 sequitur
1712 499 1722 526 :

339 569 358 587 «
374 548 427 591 Et
446 545 594 591 dentes
619 549 708 605 qius
728 546 1000 593 candidiores
1020 547 1132 592 laete
1155 546 1188 593 3.
1216 569 1236 588 ›)

402 618 566 663 XLlll.
591 616 711 674 Quid
736 617 789 663 ad
812 618 909 664 haee
946 618 1214 681 respondetis
1238 619 1408 665 insani?
1434 620 1602 684 Nempe
1630 621 1711 667 ista

334 686 558 734 manifesta
581 698 709 743 sunt,
739 705 897 752 nempe
923 705 1070 734 omnes
1087 726 1097 741 ,
1122 705 1208 733 non
1230 688 1330 735 dieo
1344 689 1583 736 calumnias
1606 707 1716 737 con-

334 758 603 805 tradictionis
626 796 636 814 ‚
675 758 750 804 sed
795 759 926 804 etiam
959 758 1141 804 nebulas
1169 758 1458 805 dubitationis
1481 759 1717 823 expellunt.

335 830 457 877 Talia
471 829 653 894 quaerite
675 829 820 892 primo
848 829 893 874 in
918 829 1001 874 illis
1020 829 1162 885 libris,
1193 827 1352 874 talibus
1378 829 1523 892 primo
1537 830 1718 889 credite,

332 919 432 966 quae
453 918 572 947 nunc
602 918 624 946 a
652 917 719 945 me
746 917 826 945 nee
854 899 999 945 omnia
1027 899 1360 945 commemorari
1386 911 1595 963 possunt,
1617 902 1722 965 quia

332 973 515 1018 nimium
551 981 638 1024 est3
677 987 756 1016 nee
790 970 955 1026 multa,
987 970 1091 1033 quia
1125 969 1304 1029 longum
1340 979 1425 1024 est3
1456 988 1535 1017 nec
1570 988 1719 1035 pauca

330 1044 483 1088 vellem
501 1080 511 1096 ‚
536 1058 588 1087 ne
615 1041 702 1087 sola
733 1041 1029 1086 existimentur
1055 1040 1111 1086 ab
1131 1040 1190 1085 eis
1215 1041 1291 1104 qui
1319 1040 1392 1086 illa
1426 1057 1515 1086 non
1549 1041 1717 1101 legunt,

328 1124 370 1158 et
389 1131 441 1158 ne
462 1111 600 1158 fidelis
620 1129 670 1157 ac
692 1111 878 1171 diligens
897 1111 1031 1156 lector
1051 1129 1118 1157 me
1136 1110 1444 1174 reprehendat,
1466 1128 1569 1157 cum
1590 1112 1719 1175 plura

327 1184 595 1232 evidentiora
633 1184 866 1245 repererit,
913 1182 1031 1246 quod
1056 1184 1138 1228 ista
1182 1183 1459 1246 potissimum
1497 1184 1717 1246 posuerim

327 1273 426 1319 quae
452 1255 561 1301 mihi
579 1270 810 1299 occurrere
844 1254 888 1299 in
915 1254 1148 1317 praesentia
1184 1264 1455 1316 potuerunt:
1490 1254 1718 1300 invenietis

325 1327 438 1372 enim
464 1324 599 1371 multa
623 1340 724 1387 quae
743 1324 922 1368 omnino
944 1340 1023 1368 nee
1049 1323 1124 1368 tali
1144 1323 1295 1368 saltem
1323 1323 1546 1383 indigeant
1564 1323 1716 1369 admo-

324 1398 503 1451 nitione,
530 1393 649 1459 quali
673 1392 804 1438 modo
826 1410 926 1439 usus
946 1410 1042 1438 sum
1060 1394 1105 1438 in
1123 1393 1268 1438 verbis
1289 1393 1445 1439 Jacob.
1472 1393 1582 1450 Quis
1597 1393 1712 1439 enim

316 1473 591 1530 jamquaerat
613 1464 900 1527 expositorem
924 1463 1034 1509 dum
1062 1463 1191 1523 legit:
1217 1463 1346 1509 Velut
1379 1463 1470 1509 ovis
1503 1463 1558 1509 ad
1591 1463 1717 1510 victi-

323 1556 435 1584 mam
463 1538 622 1582 ductus
645 1546 723 1590 est,
748 1546 790 1580 et
810 1535 958 1580 omnia
986 1552 1088 1598 quae
1111 1534 1199 1580 illic
1226 1534 1532 1599 multiplieiter
1556 1545 1599 1580 et
1625 1535 1714 1580 evi-

321 1610 471 1655 denter
500 1607 735 1661 dicuntur,
761 1623 781 1646 α
807 1605 922 1661 Quia
942 1605 1078 1650 livore
1102 1608 1191 1664 ejus
1216 1605 1353 1650 sanati
1382 1621 1531 1650 sumus
1562 1622 1572 1649 ε
1600 1605 1715 1661 Quia

316 1702 342 1732 ρ)
364 1690 544 1743 peccata
560 1687 705 1722 nostra
724 1676 816 1738 ipse
834 1676 1026 1738 portavit
1043 1675 1059 1703 Δ
1076 1678 1094 1721 ,3
1113 1697 1135 1717 »
1155 1676 1264 1732 Quis
1295 1691 1384 1720 non
1407 1675 1533 1738 quasi
1562 1676 1714 1721 Evan-

320 1751 477 1812 gelium
513 1747 680 1795 cantari
720 1746 956 1792 arbitretur
978 1764 988 1791 :
1032 1745 1293 1792 «Foderunt
1331 1763 1484 1791 manus
1522 1763 1638 1791 meas
1668 1757 1710 1791 et

320 1845 340 1864 »
365 1821 514 1886 pedes3
538 1819 928 1865 dinumeraverunt
947 1817 1092 1862 onmia
1112 1834 1205 1862 ossa
1223 1833 1337 1871 mea,
1364 1816 1450 1879 ipsi
1473 1833 1576 1862 vero
1599 1833 1711 1862 con—

318 1916 340 1936 »
363 1892 662 1939 sideraverunt
678 1899 720 1933 et
739 1898 1057 1950 conspexerunt
1086 1904 1170 1942 me,
1209 1887 1452 1932 diviserunt
1472 1886 1555 1932 sibi
1574 1887 1709 1933 vesti-

318 1987 339 2007 »
363 1973 507 2009 menta
526 1977 618 2006 mea
634 1997 645 2016 ‚
670 1969 712 2004 et
728 1974 859 2021 super
873 1968 1028 2004 vestem
1048 1974 1189 2003 meam
1210 1956 1419 2002 miserunt
1435 1967 1600 2002 sortem
1619 1957 1668 2003 5?
1685 1979 1706 2000 >2

318 2035 427 2093 Quis
453 2032 535 2079 nisi
550 2030 733 2077 nimium
755 2045 899 2075 caecus
912 2033 1004 2089 jam
1024 2028 1197 2092 impleri
1218 2045 1305 2074 non
1325 2038 1474 2073 cernat
1499 2045 1509 2073 ε
1534 2049 1553 2069 «
1570 2029 1703 2074 Com-

318 2129 338 2149 »
365 2104 726 2152 memorabuntur
753 2111 794 2146 et
819 2111 1128 2147 convertentur
1163 2098 1219 2146 ad
1253 2100 1490 2144 Dominum
1514 2099 1702 2146 universi

315 2200 335 2220 »
363 2178 467 2223 fines
505 2186 631 2220 terrae
650 2210 661 2229 ,
693 2183 735 2218 et
760 2171 1012 2218 adorabunt
1034 2172 1080 2217 in
1109 2181 1349 2234 conspectu
1372 2173 1462 2230 ejus
1488 2169 1701 2216 universae

316 2270 335 2290 ›>
360 2247 515 2312 patriae
535 2244 727 2307 gentium
749 2244 794 2287 ⁶:
824 2264 845 2284 »
873 2242 994 2299 Quid
1018 2241 1129 2288 illud
1152 2241 1198 2287 in
1227 2239 1486 2301 Evangelio:
1512 2240 1699 2287 «Tristis

315 2342 334 2362 ›>
359 2330 420 2365 est
443 2318 584 2364 anima
603 2333 697 2361 mea
721 2330 857 2377 usque
879 2313 931 2360 ad
952 2324 1134 2360 mortem
1152 2311 1171 2341 7
1187 2333 1198 2367 ;
1217 2334 1237 2354 »
1260 2322 1302 2357 et
1325 2349 1335 2366 ,
1364 2332 1384 2352 «
1404 2310 1533 2356 Nunc
1555 2310 1701 2358 anima

314 2414 335 2433 »
362 2408 451 2436 mea
480 2389 654 2434 turbata
679 2396 741 2431 est
763 2384 814 2430 ⁸?
834 2406 854 2426 »
879 2384 1034 2431 Nonne
1054 2383 1176 2448 prius
1216 2382 1262 2428 in
1304 2381 1480 2427 Psalmo
1513 2381 1658 2427 sonuit
1682 2399 1695 2428 ε

313 2484 333 2503 ι(
361 2459 558 2507 Dormivi
577 2456 866 2504 conturbatus
886 2456 940 2501 9?
967 2477 986 2497 n
1013 2456 1069 2500 Et
1091 2452 1208 2499 unde
1238 2451 1405 2498 factum
1430 2461 1493 2497 est
1517 2461 1565 2497 ut
1589 2451 1698 2498 dor-

361 2553 370 2575 ¹
389 2564 406 2584 2
425 2553 502 2585 Cor.
520 2563 555 2593 v,
579 2551 635 2583 13.
652 2564 698 2571 -·
716 2546 848 2580 2Hebr.
868 2558 899 2583 v,
919 2557 972 2580 12.
994 2542 1066 2570 ——3
1084 2547 1167 2577 Gen.
1183 2554 1272 2581 xnu,
1291 2553 1344 2574 12.
1363 2540 1530 2576 -41sa'1'.
1551 2553 1629 2584 Lux,
1661 2556 1692 2583 7,

313 2605 477 2639 -5Psat.
493 2616 567 2644 xxx,
586 2604 640 2637 18.
656 2621 700 2628 -·
718 2599 733 2623 ⁶
752 2600 836 2635 lbid.
858 2601 914 2634 28.
928 2599 1001 2625 ...¹1
1023 2598 1144 2634 Matth.
1165 2609 1258 2643 xxw,
1277 2598 1332 2630 38.
1348 2613 1394 2621 —-
1410 2593 1425 2620 ⁸
1441 2598 1540 2631 Joan.
1562 2607 1620 2635 xn,
1634 2607 1691 2637 27.

313 2679 354 2686 —-
367 2661 383 2687 9
398 2662 478 2697 Psal.
499 2672 564 2700 ινι,
584 2660 617 2695 5,
