1795 3253
368 222 453 286 174
782 233 822 270 S.
861 238 1103 272 Avensa-mr
1136 238 1343 272 nmscom

360 325 381 346 ›>
408 304 461 348 sit
488 303 597 349 bene
620 301 833 367 placitum
859 307 1063 353 Domino.
1094 326 1112 346 ›>
1142 304 1251 350 Nam
1276 314 1318 350 et
1334 304 1379 350 in
1403 303 1498 369 ipso
1518 303 1762 365 Evangelii·

361 372 553 436 capitulo
576 375 609 419 si
635 391 721 420 non
740 375 884 422 studio
907 374 1218 422 malevolentiae
1259 373 1424 434 fugeret
1455 375 1735 434 Adimantus,
1760 410 1765 431 k

366 453 511 506 posset
537 443 757 492 advertere
780 446 1001 510 quomodo
1034 446 1205 491 dicatur
1237 445 1351 491 Deus
1379 445 1543 490 malum
1578 444 1731 493 facere.
1762 478 1764 486 ·

358 513 429 559 lbi
450 514 565 560 enim
592 515 649 560 ait
671 515 906 574 Dominus,
947 516 1061 580 quod
1090 515 1219 561 etiam
1247 515 1325 561 iste
1348 514 1733 562 commemoravit:
1762 526 1764 544 ²

359 604 379 624 «
409 584 564 630 Omnis
596 585 727 631 arbor
743 604 842 650 quae
865 605 953 633 non
977 587 1081 632 facit
1107 586 1272 632 fructus
1295 585 1433 631 bonos
1451 623 1462 643 ‚
1498 585 1731 640 excidetur,

358 675 379 696 »
406 666 447 700 et
473 655 673 715 inignem
698 658 894 703 mittetur
918 657 951 704 1.
984 680 1004 698 ›>
1022 658 1129 703 nare
1158 667 1258 702 sunt.
1277 655 1387 702 mala
1409 674 1510 721 quae
1535 658 1652 702 Deus
1669 656 1736 702 fa-
1766 672 1768 720 ᾗ

358 725 434 773 cit.
463 725 507 771 id
532 737 593 772 est
615 765 625 783 ‚
654 729 957 791 peccatoribus
999 744 1178 791 poenas,
1219 726 1337 790 quod
1362 727 1407 771 in
1427 728 1567 785 ignem
1599 726 1736 772 mittet
1767 769 1770 787 ‚

357 796 531 841 arbores
547 833 557 853 ‚
581 814 680 861 quae
699 798 746 843 in
766 799 928 843 malitia
959 807 1275 861 perseverantes
1306 797 1398 842 fieri
1425 797 1555 842 bonae
1580 797 1734 843 noluc-
1768 817 1771 846 ῑ

356 865 461 922 rint,
490 883 589 912 cum
611 867 697 913 hoc
724 869 827 931 ipsis
869 869 1098 914 arboribus
1121 867 1283 913 malum
1319 867 1386 913 sit.
1418 866 1534 912 Deus
1559 878 1701 913 autem
1719 904 1730 924 ,
1770 931 1772 939 Ι

354 946 402 979 ut
429 953 541 999 saepe
561 937 645 983 dixi
665 976 676 995 ‚
708 956 793 983 11011
817 939 892 984 dat
918 940 1084 985 fructus
1106 938 1239 984 malos
1258 976 1269 995 ,
1289 938 1393 1002 quia
1409 938 1592 998 Justitiae
1613 937 1731 984 fruc-

353 1015 422 1051 tus
438 1018 498 1052 est
521 1008 713 1054 vindicta
730 1009 914 1072 peccati.
1771 1011 1774 1021 ’

351 1192 407 1205 ¹520
415 1195 470 1204 xx·-
477 1195 532 1205 221
543 1197 593 1207 »Μ
602 1197 655 1208 ιι,
663 1197 716 1210 ιν,
723 1198 905 1210 §tsstssst
913 1199 968 1210 §.1¹-
976 1201 1027 1211 ιιη
1036 1201 1163 1212 §sax-A-
1173 1204 1181 1211 ι
1194 1201 1207 1211 Ι
1229 1212 1237 1216 ,
1245 1201 1401 1215 ιπατιιιῆ
1411 1201 1526 1215 διεζςιι
1535 1203 1589 1214 ιιι
1596 1203 1652 1214 ιι*
1677 1204 1735 1216 §.2¹

846 1319 1024 1363 CAPUT
1055 1322 1234 1365 XXVII.

411 1460 480 1506 DF,
510 1477 558 1506 eo
599 1462 720 1525 quod
757 1463 801 1509 in
845 1465 953 1511 Isa'ia
987 1467 1207 1530 propheta
1237 1471 1451 1535 scriptum
1475 1484 1537 1519 est
1558 1491 1569 1520 ε
1593 1495 1614 1516 c<
1635 1476 1724 1536 Ego

346 1550 367 1571 >2
383 1547 477 1575 sum
502 1531 616 1577 Deus
633 1533 709 1596 qui
723 1532 834 1579 facio
854 1552 1028 1597 pacem,
1050 1548 1092 1582 et
1109 1541 1327 1586 constituo
1348 1543 1459 1588 mala
1477 1544 1509 1590 2.
1540 1566 1560 1587 ›>
1580 1546 1724 1592 Etiam

345 1599 432 1645 hoc
448 1602 597 1647 eadem
622 1603 767 1663 regula
807 1604 1002 1653 solvitur.
1033 1606 1133 1652 Non
1164 1610 1278 1656 enim
1309 1612 1588 1675 reprehendit
1614 1616 1725 1662 Adi-

347 1680 519 1717 mantus
549 1671 669 1735 quod
697 1672 803 1718 dixit
847 1675 991 1721 Deus:
1027 1697 1047 1718 «
1071 1679 1200 1724 Facio
1233 1697 1386 1744 pacem
1407 1701 1458 1729 »ε
1489 1685 1559 1731 sed
1603 1688 1721 1750 quod

351 1738 492 1785 dixit:
527 1762 548 1783 «
570 1741 799 1788 Constituo
815 1744 943 1791 mala.
970 1766 991 1787 ›>
1033 1747 1146 1793 Cum
1181 1750 1343 1798 Paulus
1377 1755 1598 1817 apostolus
1623 1757 1722 1804 haec

342 1808 432 1855 duo
454 1809 649 1857 similiter
667 1828 755 1857 11110
778 1813 823 1858 111
837 1813 933 1860 1000
953 1816 1083 1862 etiam
1103 1818 1232 1866 latius
1264 1826 1515 1871 tractaverit
1536 1826 1682 1875 dicens
1705 1846 1715 1874 ε

340 1900 361 1921 «
386 1879 517 1926 Vides
535 1898 634 1942 ergo
653 1881 894 1929 bonitatem
914 1895 955 1930 et
975 1888 1242 1936 severitatem
1258 1892 1337 1938 Dei
1357 1912 1366 1939 ι
1390 1895 1433 1940 111
1451 1914 1520 1942 eos
1539 1899 1718 1962 quidem

339 1971 361 1992 ³>
380 1951 456 2015 qui
477 1951 746 2010 ceciderunt,
767 1955 1034 2002 severitatem
1053 1978 1064 2011 ;
1093 1959 1139 2004 in
1162 1971 1203 2006 te
1224 1973 1367 2010 autem
1394 1966 1634 2015 bonitatem
1650 2008 1661 2027 ‚
1684 1972 1716 2017 si

339 2041 361 2062 »
386 2023 670 2084 permanseris
686 2023 732 2069 in
757 2023 982 2072 bonitate:
1007 2028 1200 2093 alioquin
1224 2043 1265 2077 et
1281 2044 1323 2080 tu
1344 2036 1549 2084 excideris
1567 2076 1578 2096 ‚
1599 2050 1640 2086 et
1653 2041 1715 2087 illi

338 2111 360 2133 ›>
388 2091 421 2136 si
460 2109 547 2136 non
582 2095 897 2156 permanserint
915 2096 961 2141 in
982 2097 1306 2160 incredulitate,
1331 2105 1599 2155 inserentur:
1621 2112 1714 2157 Po-

336 2182 357 2203 »
383 2172 475 2207 tens
501 2173 562 2207 est
586 2163 701 2209 enim
729 2165 844 2210 Deus
875 2165 1030 2213 iterum
1053 2169 1235 2219 inserere
1261 2174 1356 2221 illos
1375 2177 1407 2224 3.
1440 2179 1491 2224 ln
1510 2180 1598 2226 hoc
1621 2199 1712 2228 ser·-

335 2249 463 2277 mone
489 2233 726 2295 apostolico
765 2235 863 2280 satis
895 2250 1079 2301 apparet
1107 2242 1280 2290 bonitas
1320 2246 1422 2305 Dei,
1471 2252 1711 2300 secundum

332 2319 466 2367 quam
487 2301 596 2349 dixit
625 2305 778 2350 Isai'as:
807 2327 827 2347 «
845 2308 935 2367 Ego
959 2326 1055 2356 sum
1075 2311 1190 2359 Deus
1216 2314 1293 2379 qui
1316 2316 1430 2364 facio
1452 2338 1606 2384 pacem
1631 2341 1642 2370 :
1670 2337 1710 2372 et

330 2373 528 2420 severitas
546 2411 557 2431 ,
586 2375 826 2422 secundum
853 2394 986 2441 quam
1008 2381 1143 2428 dixit:
1166 2404 1187 2425 «
1207 2388 1436 2436 Constituo
1467 2393 1596 2442 mala.
1635 2395 1709 2442 Si-

326 2444 418 2490 mul
440 2443 569 2490 etiam
584 2445 771 2492 ostendit
792 2447 837 2495 in
855 2461 999 2497 nostra
1026 2464 1239 2517 potestate
1261 2474 1347 2504 esse
1362 2459 1399 2517 Δ,
1419 2472 1467 2508 ut
1489 2463 1559 2513 vel
1579 2465 1705 2513 inseri

378 2544 387 2565 ¹
409 2541 525 2578 Manli.
543 2554 599 2583 vn,
617 2555 718 2587 ²9³-
737 2544 752 2568 2
770 2547 838 2580 leni.
859 2559 933 2596 xm,
952 2562 1028 2592 7.—
1043 2550 1056 2576 3
1075 2555 1169 2591 Rom,
1188 2565 1236 2601 xr,
1258 2568 1313 2596 22,
1329 2560 1434 2594 23,--
1447 2558 1462 2586 4
1485 2573 1496 2594 1
1519 2565 1608 2601 Retr,
1623 2576 1703 2600 xxrr.
