1795 3253
300 292 476 324 CONTRA
508 289 754 322 EPlsToLAM
790 287 1045 330 MANICHAE19
1085 290 1174 320 LIB.
1216 292 1247 321 Ι.
1388 290 1472 319 201

110 357 364 422 perturbare
378 395 389 414 ,
419 367 461 403 et
480 356 773 420 multiplicare
792 389 803 408 2
830 364 872 399 et
893 354 947 400 ad
969 356 1234 418 paucitatem
1252 354 1484 414 singulari-

110 439 294 475 tatemve
310 428 512 488 redigere.
1063 436 1067 439 '

177 499 297 556 Quid
311 504 403 560 jam
424 499 476 545 de
499 499 571 544 illa
593 499 749 561 loquar
772 496 964 560 potentia
987 533 997 545 ,
1028 513 1114 559 qua
1130 496 1387 555 intelligitur
1406 513 1484 542 ve-

109 571 237 626 ritas‚
265 587 351 633 qua
368 569 458 615 istis
478 570 580 632 ipsis
603 585 702 633 quae
726 568 779 613 de
805 567 1000 630 corporis
1024 584 1149 612 sensu
1172 568 1342 612 haustae
1368 568 1484 626 figu-

110 651 281 695 rantur,
302 641 564 701 imaginibus
585 658 670 686 sese
694 657 774 703 pro
792 638 969 685 veritate
988 639 1314 701 opponentibus
1334 656 1487 697 magna

112 712 344 759 vivacitate
363 712 604 757 resistitur?
631 712 729 768 Qua
761 709 934 755 videtur
965 709 1090 755 aliam
1109 747 1120 765 ,
1156 709 1281 755 verbi
1315 709 1449 769 gratia
1478 746 1488 757 .

113 800 259 829 veram
277 799 365 828 esse
384 782 694 841 Carthaginem
709 819 718 837 ‚
744 780 872 826 aliam
896 797 1028 844 quam
1054 781 1249 840 cogitans
1272 780 1397 840 fingit
1413 817 1423 834 ,
1451 791 1492 824 et

113 870 194 917 pro
229 870 305 899 suo
341 853 522 898 arbitrio
560 863 648 898 tota
680 851 885 897 facilitate
926 861 1168 896 commutat
1203 868 1213 895 ε
1257 868 1303 895 ex
1342 850 1491 895 eadem

113 923 259 968 venire
274 922 482 968 facilitate
505 922 842 968 innumerabiles
876 921 1087 977 mundos,
1119 920 1162 966 in
1187 920 1349 985 quibus
1380 920 1492 983 Epi--

114 994 207 1038 curi
230 994 436 1053 cogitatio
453 992 830 1038 innumerabiliter
848 992 1116 1056 peregrinata
1129 1001 1213 1037 est:
1231 1001 1271 1036 et
1288 1008 1340 1036 ne
1355 992 1493 1037 multa

113 1074 351 1120 consecter,
384 1082 430 1110 ex
464 1064 611 1109 eadem
637 1064 782 1109 venire
811 1063 1019 1109 facilitate
1039 1063 1165 1108 istam
1198 1073 1350 1108 terram
1382 1063 1493 1108 lucis

111 1151 191 1197 per
210 1134 348 1197 spatia
366 1135 536 1180 infinita
555 1134 755 1180 diffusam
769 1172 780 1191 ‚
803 1145 845 1180 et
862 1135 1056 1198 quinque
1080 1144 1202 1180 antra
1225 1134 1360 1193 gentis
1378 1145 1491 1179 tene-

111 1206 293 1251 brarum
328 1222 429 1251 cum
465 1206 793 1251 habitatoribus
818 1206 929 1261 suis,
973 1206 1018 1251 in
1055 1206 1216 1268 quibus
1253 1206 1492 1251 Manichaei
1555 1255 1560 1259 ⁴

110 1277 415 1339 phantasmata
431 1276 620 1322 veritatis
635 1277 717 1321 sibi
735 1294 890 1321 nomen
904 1293 1003 1321 ausa
1019 1287 1118 1321 sunt
1137 1293 1357 1338 usurpare.
1370 1275 1490 1332 Quid

111 1357 172 1392 est
193 1364 293 1407 ergo
317 1347 416 1393 haec
432 1347 625 1410 potentia
652 1364 751 1410 quae
770 1347 849 1392 ista
868 1347 1106 1393 discernit?
1133 1347 1336 1392 Profecto
1353 1364 1491 1411 quan-

110 1428 343 1482 tacumque
362 1418 438 1473 sit,
467 1417 593 1462 ethis
614 1418 819 1463 omnibus
844 1422 983 1477 major
1007 1429 1090 1472 est,
1123 1428 1164 1462 et
1189 1418 1277 1463 sine
1303 1418 1391 1463 ulla
1418 1417 1491 1463 tali

109 1506 254 1534 rerum
279 1489 586 1548 imaginatione
610 1488 840 1547 cogitatur.
869 1489 985 1534 Huic
1002 1489 1145 1534 inveni
1164 1489 1303 1551 spatia
1320 1526 1331 1543 ‚
1361 1489 1394 1533 si
1414 1505 1491 1551 po-

111 1568 192 1612 tes;
215 1559 332 1604 hanc
353 1558 550 1604 diffunde
569 1576 647 1621 per
663 1559 780 1605 locos
799 1579 809 1613 3
836 1559 953 1605 hanc
970 1559 1154 1604 infinitae
1178 1559 1302 1604 molis
1322 1570 1490 1604 tumore

109 1628 318 1676 distende.
353 1628 554 1674 Profecto
576 1628 610 1673 si
634 1629 743 1674 bene
764 1630 926 1688 cogitas
945 1666 955 1682 ,
978 1646 1066 1674 non
1096 1639 1232 1692 potes.
1258 1628 1488 1692 Quidquid

109 1699 225 1743 enim
242 1699 324 1744 tibi
345 1698 424 1744 tale
447 1700 687 1744 occurrerit
709 1736 720 1755 ‚
742 1699 916 1758 judicas
941 1699 1035 1762 ipsa
1066 1699 1328 1759 cogitatione
1356 1700 1490 1745 secari

107 1785 231 1832 posse
253 1786 332 1832 per
352 1779 520 1832 partes,
547 1768 740 1831 facisque
763 1769 827 1814 ibi
863 1768 990 1814 aliam
1034 1780 1203 1832 partem
1237 1770 1448 1815 minorem
1474 1808 1484 1826 ‚

108 1840 239 1885 aliam
259 1843 486 1900 majorem,
508 1850 724 1903 quantum
741 1839 887 1903 placet
908 1857 918 1884 :
943 1839 1054 1885 illud
1074 1851 1217 1885 autem
1237 1840 1383 1903 ipsum
1397 1858 1484 1904 quo

107 1909 398 1970 istajudicas‚
427 1909 568 1955 carnis
598 1926 684 1955 esse
705 1926 836 1972 supra
856 1909 961 1965 ista,
989 1927 1078 1955 non
1106 1909 1193 1955 loci
1222 1910 1452 1958 altitudine
1470 1948 1482 1968 ,

107 1980 180 2027 sed
197 1980 406 2044 potentiae
429 1979 652 2039 dignitate.

174 2051 319 2107 Quare
339 2050 372 2096 si
398 2050 587 2095 animam
607 2050 729 2095 toties
756 2051 1013 2096 mutabilem
1027 2088 1037 2107 ‚
1063 2052 1149 2098 sive
1172 2052 1389 2098 variarum
1410 2069 1486 2099 vo-

106 2122 324 2168 luntatum
346 2121 476 2167 turba
491 2157 502 2174 ,
529 2120 617 2166 sive
636 2121 860 2166 affectibus
882 2139 964 2185 pro
983 2139 1128 2168 rerum
1149 2125 1276 2186 copia
1294 2123 1362 2169 vel
1384 2124 1485 2169 ino-

107 2193 181 2257 pia
215 2209 301 2238 sese
332 2191 633 2248 flectentibus,
673 2192 760 2237 sive
798 2192 902 2255 ipsis
937 2193 1333 2240 innumerabilibus
1366 2193 1483 2240 ludis

106 2263 465 2327 phantasmatum
482 2300 493 2318 ,
527 2263 613 2308 sive
636 2262 854 2309 oblivione
871 2274 912 2309 et
930 2266 1136 2310 memoria
1149 2302 1160 2321 ‚
1183 2266 1270 2312 sive
1286 2265 1486 2311 doctrina

106 2345 149 2379 et
169 2333 417 2396 imperitia3
444 2333 477 2378 si
497 2350 595 2393 ergo
616 2333 804 2379 animam
820 2372 831 2390 ,
855 2346 902 2380 ut
925 2335 1012 2381 dixi
1031 2373 1041 2391 ,
1071 2336 1139 2381 his
1159 2347 1289 2400 atque
1321 2336 1481 2396 hujus-

105 2403 226 2450 modi
248 2403 516 2449 motionibus
546 2404 669 2449 toties
690 2406 971 2461 mutabilem,
1011 2407 1139 2452 sentis
1172 2424 1260 2452 non
1293 2407 1481 2453 diffundi

106 2473 361 2537 extendique
383 2491 463 2537 per
484 2474 602 2519 locos
617 2512 627 2531 ‚
652 2474 724 2520 sed
741 2476 884 2521 onmia
904 2476 1004 2522 talia
1027 2478 1166 2541 spatia
1190 2477 1396 2540 potentiae
1409 2478 1481 2524 vi-

106 2545 290 2591 vacitate
309 2561 509 2608 superare
528 2562 538 2589 :
559 2545 666 2608 quid
686 2545 739 2590 de
760 2546 856 2609 ipso
875 2547 965 2592 Deo
978 2548 1261 2607 cogitandum
1283 2558 1357 2593 aut
1375 2549 1480 2593 exis-

106 2615 352 2662 timandum
371 2626 461 2674 est,
487 2616 563 2680 qui
582 2633 714 2680 supra
737 2634 884 2664 omnes
907 2618 1134 2666 rationales
1156 2629 1317 2665 mentes
1335 2619 1480 2668 incon-
