1795 3253
358 237 417 293 42
776 251 813 281 s.
855 249 1097 300 (incusum
1132 249 1335 282 131>1scoi>1

359 317 487 364 rabit.
519 316 641 363 Talia
670 314 785 362 sacta
809 327 910 363 sunt
933 316 1006 362 illo
1040 327 1231 380 tempore
1249 353 1260 372 ,
1290 332 1378 381 quo
1406 315 1522 363 Deus
1553 317 1597 363 in
1623 334 1725 365 vero

358 386 534 432 bomine
551 423 561 443 ,
580 397 790 451 quantum
810 397 873 432 sat
890 397 978 433 erat
995 424 1005 443 ,
1027 387 1279 433 bominibus
1297 387 1548 450 apparebat.
1578 388 1726 434 Sanati

357 455 550 516 languidi
568 494 578 513 ‚
607 456 804 503 mundati
828 457 1008 521 leprosi3
1029 458 1215 504 incessus
1233 457 1398 503 claudis
1413 495 1424 513 ‚
1447 459 1572 504 caecis
1591 459 1721 513 visus,

356 526 497 572 surdis
544 526 716 572 auditus
749 538 810 572 cst
852 527 1061 575 redditus.
1110 528 1316 573 Homines
1357 527 1472 574 illius
1521 528 1726 592 temporis

358 614 514 661 aquam
553 598 598 643 in
640 597 787 643 riuum
827 615 1074 644 conxersam
1093 636 1103 653 ‚
1147 608 1334 643 saturata
1366 598 1557 662 quinque
1593 597 1727 645 millia

356 669 548 732 quinque
579 670 768 732 panibus
787 706 797 717 .
831 670 1003 715 transita
1037 669 1225 733 pedibus
1256 668 1412 723 maria,
1443 681 1634 715 mortuos
1658 687 1729 716 re-

355 749 571 798 surgentes
597 738 798 785 viderunt
829 757 839 784 :
876 740 935 785 ita
961 739 1162 803 qua-dam
1192 738 1366 801 corpori
1397 740 1729 786 inanisestatiore

356 807 591 864 beneficio,
621 809 823 872 quiedam
849 826 950 855 vero
973 809 1105 855 menti
1131 808 1367 855 occultiore
1392 809 1512 869 signo
1529 847 1539 865 ‚
1567 820 1609 855 et
1632 827 1730 855 om-

356 878 426 923 nia
449 878 702 925 bominibus
732 880 964 939 majestatis
989 879 1232 926 testimonio
1260 879 1546 925 consulebant
1568 898 1578 924 :
1602 880 1662 926 sic
1685 880 1730 926 in

356 965 398 994 se
433 960 534 995 tunc
565 950 726 996 animas
751 962 937 997 errantes
963 951 1212 997 mortalium
1246 950 1394 995 divina
1427 951 1732 998 commovebat

358 1021 604 1067 auctoritas.
637 1026 752 1076 Cur,
775 1022 940 1086 inquis,
964 1023 1041 1068 ista
1057 1022 1187 1068 modo
1205 1038 1294 1067 non
1314 1019 1482 1067 siunth
1507 1021 1622 1078 Quia
1642 1038 1730 1067 non

356 1102 602 1148 moverent,
627 1093 704 1137 nisi
731 1093 839 1139 mira
865 1105 1000 1139 essent
1024 1111 1034 1139 ε
1059 1104 1101 1138 at
1119 1093 1153 1139 si
1177 1093 1301 1139 solita
1321 1103 1477 1149 essent,
1507 1093 1616 1138 mira
1644 1109 1732 1138 non

355 1171 505 1208 essent.
537 1163 647 1208 Nam
671 1163 756 1208 diei
777 1175 818 1208 et
839 1164 979 1210 noetis
1004 1164 1115 1209 vices
1132 1201 1142 1220 ‚
1172 1175 1211 1208 et
1231 1162 1627 1209 constantissimum
1655 1180 1732 1209 or-

355 1230 503 1278 dinem
523 1250 667 1278 rerum
689 1234 930 1280 coelestium
947 1272 958 1290 ,
986 1252 1196 1280 annorum
1219 1232 1529 1297 quadrifariam
1554 1250 1732 1280 conver-

356 1301 518 1347 sionem
534 1339 546 1358 ,
574 1302 819 1349 decidentes
842 1304 1154 1367 redeuntesque
1180 1304 1354 1350 frondes
1383 1303 1613 1349 arboribus
1628 1340 1639 1359 ‚
1660 1303 1732 1349 in-

356 1373 522 1418 finitam
550 1373 639 1419 vim
667 1375 876 1420 seminum
896 1412 906 1431 ‚
940 1375 1317 1438 pulchritudinem
1340 1374 1473 1427 lucis,
1505 1373 1728 1429 colorum,

357 1460 589 1499 sonorum,
620 1444 829 1501 odorum,
855 1462 1144 1508 saporumque
1174 1444 1423 1496 varietates,
1451 1443 1506 1488 da
1528 1444 1604 1507 qui
1634 1443 1732 1507 pri-

358 1529 479 1558 mum
504 1512 649 1558 rideat
671 1524 799 1577 atque
823 1514 1004 1569 sentiat,
1038 1531 1138 1560 cum
1166 1531 1252 1578 quo
1273 1525 1416 1559 tamen
1439 1512 1559 1576 loqui
1591 1512 1733 1576 possi-

357 1599 454 1628 mus
470 1619 482 1639 ,
503 1582 699 1629 hebescit
719 1583 1006 1647 obruiturque
1028 1583 1248 1629 miraculis
1269 1601 1279 1628 ε
1302 1601 1378 1629 nos
1398 1600 1499 1629 vero
1517 1583 1615 1629 haec
1634 1601 1732 1629 om-

359 1652 430 1698 nia
444 1690 454 1709 ,
482 1670 572 1698 non
590 1654 877 1714 cognoscendi
899 1654 1104 1700 lacilitate
1120 1691 1130 1709 ‚
1153 1653 1261 1717 quid
1279 1653 1393 1699 enim
1417 1653 1554 1698 causis
1573 1653 1733 1699 horum

358 1722 614 1769 obscurius?
644 1724 719 1770 sed
743 1736 856 1770 certe
886 1724 1095 1770 sentiendi
1125 1724 1373 1770 assiduitate
1396 1724 1727 1771 contemnimus.

360 1793 490 1840 Facta
514 1805 615 1840 sunt
639 1795 770 1855 igitur
792 1796 866 1842 illa
883 1795 1249 1860 opportunissime
1263 1832 1274 1851 ,
1300 1793 1432 1841 uthis
1452 1794 1734 1841 multitudiue

361 1863 630 1911 credentium
655 1878 912 1926 congregata
938 1876 1066 1929 atque
1087 1876 1327 1930 propagata
1345 1903 1356 1922 ‚
1384 1865 1429 1912 in
1457 1865 1573 1929 ipsos
1598 1882 1735 1912 mores

362 1933 478 1980 utilis
498 1946 818 1983 converteretur
839 1937 1086 1984 auctoritas.

426 2007 606 2054 XXXV.
648 2007 788 2053 Mores
811 2017 956 2052 autem
984 2006 1170 2069 quilibet
1200 2016 1371 2052 tantum
1395 2005 1542 2052 valent
1568 2003 1623 2051 ad
1649 2005 1735 2051 ob-

361 2076 557 2123 tinendas
585 2077 816 2122 bominum
840 2087 1001 2122 mentes
1019 2114 1030 2131 ,
1071 2087 1119 2121 ut
1150 2076 1280 2121 etiam
1314 2092 1414 2139 quae
1436 2075 1483 2121 in
1508 2075 1578 2121 his
1600 2092 1737 2139 prava

359 2158 459 2193 sunt
479 2184 490 2204 ,
518 2146 638 2210 quod
666 2146 752 2192 fere
781 2147 1087 2211 superantibus
1108 2146 1370 2192 libidinibus
1398 2145 1540 2192 evenit
1563 2145 1735 2208 impro-

358 2218 462 2264 bare
485 2218 613 2263 citius
634 2228 675 2262 et
697 2216 913 2273 detestari,
942 2234 1073 2280 quam
1100 2215 1290 2262 deserere
1308 2225 1382 2261 aut
1401 2225 1570 2261 mutare
1592 2215 1735 2279 possi—

358 2305 468 2335 mus.
499 2289 741 2333 Parum-ne
779 2287 1028 2340 consultum
1069 2287 1196 2333 rebus
1237 2284 1440 2340 humanis
1487 2284 1732 2340 arbitraris,

355 2357 477 2424 quod
493 2358 606 2404 nihil
625 2368 839 2404 terrenum
863 2395 874 2415 ,
898 2356 1011 2404 nihil
1033 2356 1207 2416 igneum
1223 2393 1234 2413 ‚
1263 2354 1376 2402 nihil
1401 2354 1588 2418 denique
1613 2353 1736 2418 quod

360 2429 553 2493 corporis
573 2446 716 2475 sensus
733 2429 931 2489 attingit,
957 2445 1036 2492 pro
1051 2429 1140 2474 Deo
1155 2426 1385 2474 colendum
1406 2442 1509 2481 esse,
1532 2424 1585 2470 ad
1606 2441 1734 2489 quem

357 2500 446 2547 solo
466 2499 685 2546 intellectu
703 2499 985 2546 ambiendum
1015 2508 1103 2555 est,
1134 2515 1221 2545 non
1238 2496 1370 2562 pauci
1387 2495 1627 2542 doctissimi
1647 2494 1733 2540 dis-

407 2586 417 2607 ¹
439 2596 451 2616 1
472 2587 560 2617 Retr.
575 2594 644 2618 xiv.
