1795 3253
100 283 156 315 m:
193 283 368 314 DUABUS
406 280 634 313 Annianus
671 280 845 312 CONTRA
879 281 1094 325 MANICH.,
1134 284 1220 317 Lm.
1263 285 1293 316 1.
1374 270 1435 317 65

69 361 155 397 tem
180 359 409 414 peccatum
425 385 436 404 ,
457 347 526 395 vel
543 346 881 410 vituperandum
901 358 962 393 est
979 385 989 404 ,
1011 349 1079 395 vel
1108 349 1435 407 damnandum3

68 420 166 484 quis
191 419 364 465 dubitet
382 429 488 464 tunc
513 434 598 463 esse
623 429 872 480 peccatum,
895 435 995 464 cum
1032 430 1073 465 et
1097 420 1204 465 velle
1230 420 1440 480 injustum

68 500 147 546 est,
175 500 218 535 et
234 489 421 535 liberum
444 487 586 541 nolle3
607 497 649 532 et
668 487 764 533 ideo
790 488 1089 534 definitionem
1106 490 1224 535 illam
1239 501 1279 535 et
1295 509 1442 537 veram

69 571 110 606 et
131 560 185 606 ad
207 559 538 620 intelligendum
559 575 644 604 esse
664 557 935 616 facillimam,
957 571 997 605 et
1024 578 1112 606 non
1132 560 1262 606 modo
1296 580 1412 609 nunc
1429 601 1439 617 ,

69 630 143 676 sed
162 641 267 676 tunc
280 640 454 695 quoque
474 648 496 676 a
510 646 577 675 me
586 630 777 693 potuisse
788 630 901 676 dici:
920 631 1155 676 Peccatum
1174 642 1235 675 est
1245 631 1447 679 voluntas

68 700 282 748 retinendi
305 701 370 748 vel
406 699 698 764 consequendi
717 700 837 764 quod
856 700 1024 761 justitia
1047 712 1179 758 vetat,
1202 712 1243 747 ct
1259 703 1373 748 unde
1391 704 1449 749 li-

71 773 227 818 berum
250 782 312 817 est
329 771 574 817 abstinere?

135 843 253 889 XVI.
298 843 383 901 Age
402 858 520 886 nunc
555 841 778 888 videamus
810 841 918 905 quid
943 859 1020 887 nos
1042 842 1141 888 haec
1166 842 1438 902 adjuvarent.

72 912 317 958 Plurimum
339 912 540 967 omnino,
563 922 611 957 ut
627 912 741 957 nihil
765 911 951 975 amplius
975 911 1261 958 desiderarem
1284 932 1294 958 :
1314 925 1450 961 totam

70 984 238 1047 quippe
255 999 429 1028 causam
449 982 637 1028 finirent.
666 983 776 1028 Nam
801 983 996 1046 quisquis
1025 994 1182 1028 secreta
1223 986 1452 1030 conscien-

73 1055 143 1100 tiae
161 1070 252 1100 suae
273 1053 470 1116 legesque
505 1053 673 1099 divinas
702 1053 876 1117 penitus
910 1064 1078 1098 naturae
1114 1054 1297 1110 inditas,
1337 1057 1456 1119 apud

73 1124 265 1170 animum
290 1125 423 1179 intus,
459 1124 537 1169 uhi
565 1125 843 1187 expressiores
874 1124 1169 1188 certioresque
1196 1136 1320 1181 sunt,
1345 1144 1453 1174 con-

71 1195 236 1251 sulens,
265 1195 344 1241 has
379 1194 487 1240 duas
523 1193 795 1240 definitiones
841 1195 1077 1240 voluntatis
1114 1206 1243 1258 atque
1284 1199 1455 1259 peccati

70 1283 192 1313 veras
205 1282 291 1311 esse
310 1264 538 1321 concedit,
571 1275 706 1310 totam
731 1265 1083 1311 Manichaeorum
1104 1265 1304 1311 haeresim
1336 1285 1456 1330 pau·-

68 1335 248 1381 cissimis
270 1345 312 1380 et
331 1335 611 1391 brevissimis,
638 1335 710 1380 sed
736 1335 864 1398 plane
879 1336 1172 1381 invictissimis
1192 1337 1451 1384 ratiunculis

72 1406 160 1451 sine
193 1404 280 1450 ulla
306 1405 583 1450 cunctatione
608 1405 883 1452 condemnat.
928 1405 1059 1462 Quod
1103 1407 1162 1451 sic
1193 1407 1459 1454 considerari

72 1485 242 1540 potest:
257 1477 357 1521 Duo
377 1475 617 1520 animarum
638 1492 791 1534 genera
811 1493 896 1520 esse
915 1475 1086 1531 dicunt,
1111 1493 1245 1521 unum
1269 1477 1454 1537 bonum,

71 1545 192 1610 quod
218 1545 278 1590 ita
297 1561 344 1589 ex
362 1545 453 1589 Deo
470 1544 540 1600 sit,
562 1555 712 1589 utnon
730 1562 775 1589 ex
802 1545 943 1607 aliqua
963 1545 1142 1590 materia
1159 1546 1226 1591 vel
1247 1564 1293 1591 ex
1319 1549 1459 1596 nihilo

73 1616 129 1661 ab
139 1633 188 1662 eo
204 1614 387 1670 factum,
408 1613 480 1659 sed
493 1614 546 1659 de
567 1615 658 1677 ipsa
670 1618 761 1674 ejus
779 1615 956 1660 omnino
967 1616 1206 1661 substantia
1226 1634 1325 1680 pars
1341 1636 1459 1682 quae-

73 1685 173 1732 dam
199 1685 452 1749 processisse
493 1684 693 1738 dicatur3
721 1684 902 1730 alterum
927 1696 1070 1731 autem
1104 1686 1268 1732 malum
1285 1725 1296 1744 ,
1330 1691 1452 1752 quod

72 1755 193 1803 nulla
212 1772 390 1820 prorsus
403 1772 451 1800 ex
466 1765 589 1819 parte
610 1754 664 1800 ad
680 1756 821 1800 Deum
842 1756 1057 1818 pertinere
1077 1756 1263 1803 credunt
1278 1760 1456 1807 creden-

74 1826 267 1890 dumque
307 1825 644 1872 commendant:
667 1836 708 1871 et
740 1825 838 1871 ideo
874 1826 986 1872 illud
1010 1843 1230 1873 summum
1258 1829 1452 1889 bonum,

71 1898 160 1944 hoc
179 1914 279 1945 vero
304 1913 524 1943 summum
539 1897 705 1942 malum
717 1914 803 1942 esse
831 1897 1076 1960 praedicant
1097 1916 1108 1943 :
1128 1909 1255 1963 atque
1275 1900 1353 1947 ista
1370 1902 1458 1949 duo

74 1986 227 2030 genera
263 1967 392 2014 fuisse
416 1967 655 2031 aliquando
683 1967 876 2013 discreta
894 2005 905 2024 ,
931 1985 1050 2013 nunc
1082 1986 1167 2014 esse
1206 1972 1452 2021 commixta.

76 2040 224 2084 Genus
268 2037 447 2102 quidem
472 2037 788 2083 commixtionis
815 2036 950 2097 hujus
981 2048 1022 2082 et
1056 2054 1228 2084 causam
1260 2041 1460 2088 nondum

74 2109 297 2156 audieram
317 2107 417 2154 :sed
439 2118 582 2153 tamen
592 2110 683 2167 jam
695 2124 890 2171 quaerere
908 2106 925 2136 1
946 2118 1160 2171 poteram,
1184 2111 1459 2158 utrumillud

73 2180 237 2227 malum
254 2194 386 2239 genus
410 2177 652 2223 animarum
676 2188 907 2240 antequam
932 2177 1051 2223 bono
1074 2178 1344 2237 misceretur,
1368 2180 1455 2226 ha-

73 2251 238 2297 buisset
261 2248 451 2312 aliquam
472 2247 755 2294 voluntatem.
799 2248 845 2293 Si
872 2246 987 2293 enim
1013 2265 1101 2293 non
1118 2247 1314 2294 habebat
1329 2287 1341 2307 ,
1366 2252 1457 2298 sine

73 2330 256 2385 peccato
276 2329 405 2382 atque
426 2319 633 2364 innocens
650 2328 741 2363 erat
755 2355 765 2374 ,
802 2329 843 2363 et
860 2317 956 2363 ideo
980 2318 1102 2364 nullo
1117 2318 1249 2364 modo
1269 2321 1449 2370 malum.

76 2392 123 2438 Si
140 2400 284 2437 autem
302 2389 399 2435 ideo
423 2389 587 2435 malum
611 2389 713 2452 quia
730 2388 832 2434 licet
847 2399 952 2434 esset
972 2388 1062 2434 sine
1090 2388 1336 2450 voluntate,
1356 2402 1457 2438 tan-

78 2478 211 2526 quam
239 2460 377 2521 ignis‚
408 2470 551 2506 tamen
588 2460 622 2505 si
656 2459 824 2505 bonum
846 2459 1068 2519 attigisset,
1096 2459 1295 2517 violaret,
1328 2473 1458 2527 atque

75 2529 376 2594 corrumperet
397 2547 408 2575 :
438 2540 655 2594 quantum
680 2540 742 2578 est
760 2528 906 2588 nefas,
932 2539 975 2577 et
999 2539 1201 2577 naturam
1226 2530 1330 2578 mali
1360 2543 1456 2581 tan-

125 2616 136 2640 ¹
157 2627 172 2648 1
192 2618 286 2647 Retr.
301 2626 357 2650 xv.

215 2682 374 2715 cxxxv.
1307 2667 1336 2713 5
