1795 3253
250 313 425 345 CONTRA
458 314 665 346 rAusTUM
701 314 1003 354 MANICHAEUM,
1042 314 1135 344 Lm.
1178 314 1270 344 xV1.
1382 296 1474 353 423

91 379 194 444 quia
210 380 341 426 fidem
359 380 518 428 vellent
541 382 750 428 exhibere
770 380 924 444 Moysi.
955 381 1176 437 Quorsum
1199 397 1299 440 ergo
1322 378 1479 425 falsum

93 467 179 497 non
192 451 288 505 erit,
304 451 412 498 illud
425 454 572 499 Jesum
595 453 747 499 dixisse
771 451 825 498 ad
846 469 915 498 eos
940 469 950 498 ε
970 472 989 492 α
1010 451 1294 497 Sicredcretis
1311 451 1472 514 Moysi,

95 542 116 563 ³>
144 522 372 569 crederetis
392 535 434 569 et
455 525 564 570 mihi
590 524 630 569 1:
658 546 678 566 »
699 540 800 570 cum
828 523 881 568 sit
905 522 1028 582 longe
1066 522 1347 567 manifestum
1365 559 1375 577 ‚
1399 521 1478 567 id-

99 593 217 640 circo
234 594 370 654 magis
394 612 464 641 eos
495 613 582 641 non
615 595 846 642 credidisse
865 599 992 651 Jesu,
1020 593 1122 657 quia
1151 593 1293 657 Moysi
1328 592 1482 638 crede-

97 675 192 710 rent
213 686 223 719 3
258 666 447 729 potuisse
473 678 617 713 autem
651 666 781 713 fidem
815 666 991 711 Christo
1026 665 1210 721 habere,
1257 664 1290 709 si
1336 664 1481 727 Moysi

97 735 271 782 credere
294 736 588 785 destitissent?
626 740 693 784 Tu
711 748 874 794 tamen,
902 748 951 783 ut
970 736 1076 792 dixi,
1103 736 1286 782 ubinam
1314 736 1484 797 Moyses

99 805 152 852 de
178 806 354 852 Christo
373 808 538 872 aliquid
560 809 797 874 scripserit,
818 825 968 872 quaeso
988 824 1066 853 nos
1092 806 1259 853 doceas,
1287 828 1307 849 n

164 877 288 926 VllI.
318 900 338 921 «
364 879 496 936 Alias,
519 881 681 944 inquit,
702 899 713 926 ε
738 880 770 926 si
787 879 1063 925 Christianus
1082 895 1142 932 es,
1170 877 1297 922 crede
1310 876 1484 938 dicenti

101 948 297 1005 Christo,
319 951 420 1013 quia
439 951 493 996 de
511 969 553 997 se
571 953 745 1015 scripsit
764 953 934 1014 Moyses
949 951 982 997 2.
1003 948 1137 1007 Quod
1160 949 1193 993 si
1214 965 1303 993 non
1324 947 1483 1004 credis,

102 1019 376 1067 Christianus
399 1039 486 1068 non
502 1041 557 1071 eS.
582 1027 736 1088 Inepta
754 1024 852 1070 haec
878 1038 1049 1086 semper
1069 1031 1111 1066 et
1135 1019 1357 1065 imbecilla
1392 1036 1486 1064 res-

97 1090 252 1154 ponsio
271 1102 333 1137 est
354 1093 463 1139 nihil
482 1094 741 1141 habentium
761 1093 880 1159 quod
895 1092 1143 1146 ostendant,
1163 1101 1329 1154 quanto
1344 1090 1481 1150 igitur

101 1160 252 1207 melius
269 1161 451 1218 fecisses,
472 1166 505 1210 si
528 1164 644 1211 idem
661 1165 926 1211 confitereris
953 1162 1209 1227 simpliciter
1232 1181 1242 1216 ;
1274 1171 1316 1206 et
1336 1171 1480 1207 tamen

104 1233 191 1278 hoc
217 1233 327 1279 mihi
355 1235 535 1298 quidem
560 1236 703 1283 dicere
722 1237 922 1300 potuisti,
942 1252 1071 1300 quem
1089 1234 1195 1279 scias
1215 1249 1383 1278 necesse
1405 1231 1483 1278 ha-

104 1304 223 1360 bere,
248 1315 296 1349 ut
317 1305 492 1351 credam
521 1324 649 1353 causa
669 1307 913 1367 religionis,
941 1323 1028 1369 qua
1050 1303 1237 1351 famulor
1265 1302 1442 1348 Christo
1469 1320 1480 1348 :

104 1374 206 1420 licet
229 1374 317 1421 hoc
331 1376 476 1439 ipsum
490 1377 636 1424 adhuc
656 1389 896 1442 quaeratur‚
926 1387 1074 1422 utrum
1092 1375 1145 1421 sit
1159 1385 1200 1421 et
1219 1374 1307 1420 hoc
1319 1373 1488 1420 Christi

106 1446 400 1492 testimonium
420 1485 430 1503 ‚
451 1459 501 1494 ut
522 1448 640 1495 credi
664 1449 824 1495 debeat
845 1448 1042 1493 absolute
1062 1467 1072 1500 ;
1095 1464 1149 1491 an
1170 1444 1410 1509 scriptoris,
1440 1454 1489 1490 ut

106 1516 338 1562 examinari
354 1518 548 1566 sollicite.
566 1519 655 1565 Nec
676 1519 710 1565 si
735 1536 814 1565 nos
829 1536 916 1564 non
937 1517 1159 1563 credimus
1178 1515 1311 1571 falsis,
1336 1514 1487 1560 Chris-

108 1596 200 1632 tum
217 1587 322 1633 hinc
335 1589 611 1646 offendimus,
630 1590 703 1636 sed
719 1589 953 1635 falsatores.
973 1589 1138 1633 Tamen
1152 1596 1388 1649 utcumque
1402 1585 1489 1631 hoc

107 1656 208 1703 ferri
232 1659 394 1721 poterit
418 1660 675 1706 Christianis
699 1661 950 1725 oppositum
978 1677 989 1705 ι
1019 1658 1127 1722 quid
1152 1668 1295 1703 autem
1323 1657 1375 1702 de
1405 1656 1489 1702 illis

109 1745 298 1788 agemuS,
320 1747 430 1794 quos
442 1732 592 1788 retuli,
614 1732 771 1778 Judaeo
790 1732 953 1778 scilicet
972 1741 1101 1794 atque
1119 1728 1299 1785 Geumi,
1325 1728 1487 1792 quibus

108 1797 250 1844 dicere
264 1817 352 1845 non
374 1818 631 1864 possumus:
660 1802 706 1847 Si
745 1802 1018 1848 Christianus
1039 1817 1081 1846 es
1100 1837 1111 1855 ‚
1147 1799 1302 1852 crede;
1344 1798 1487 1844 sinon

110 1868 249 1915 credis
278 1909 289 1928 ‚
335 1871 611 1918 Christianus
650 1889 738 1917 non
757 1875 828 1917 es?
856 1872 1122 1934 Quanquam
1145 1886 1198 1914 ne
1235 1868 1487 1914 Christiano

109 1940 288 2004 quidem
324 1941 412 1986 hoc
433 1942 665 1987 rectissime
699 1941 870 1997 dixeris,
904 1958 1005 1987 cum
1039 1940 1241 1985 Christus
1267 1939 1487 1984 Thomam

111 2010 357 2074 apostolum
373 2011 646 2057 dubitantem
665 2011 718 2057 de
741 2029 782 2057 se
805 2021 1056 2074 aspernatus
1071 2028 1160 2056 non
1173 2010 1225 2056 sit
1238 2009 1273 2066 ὃ,
1303 2009 1376 2055 scd
1397 2026 1486 2073 quo

113 2082 245 2128 animi
269 2086 361 2143 ejus
391 2082 646 2129 vulneribus
665 2082 931 2138 mederetur,
960 2081 1155 2145 corporis
1174 2080 1239 2126 sui
1261 2080 1484 2126 cicatrices

113 2153 301 2199 ostendit
325 2173 336 2207 ;
362 2171 441 2200 nec
465 2153 596 2200 dixit:
619 2154 663 2200 Si
687 2152 928 2216 discipulus
947 2169 989 2198 es
1008 2190 1019 2209 ‚
1041 2151 1193 2206 crede;
1215 2151 1248 2197 si
1274 2167 1364 2196 non
1387 2168 1486 2196 cre-

113 2223 197 2280 dis,
216 2223 458 2288 discipulus
469 2241 553 2270 non
568 2241 623 2271 es.
648 2225 717 2270 Tu
734 2224 843 2269 mihi
862 2223 949 2269 hoc
967 2223 1104 2280 dicas,
1127 2240 1216 2268 non
1243 2221 1296 2267 de
1312 2221 1488 2267 Christo

115 2295 356 2351 dubitanti,
375 2295 447 2341 sed
466 2295 519 2341 de
531 2295 755 2350 sententia,
772 2306 917 2340 utrum
937 2295 991 2340 sit
1008 2299 1116 2355 ejus,
1137 2312 1189 2340 an
1205 2292 1484 2339 subinducta.

119 2367 192 2423 At,
214 2365 376 2429 inquis,
398 2367 608 2412 beatiores
626 2365 835 2429 appellat,
861 2366 936 2429 qui
957 2383 1047 2411 nou
1062 2365 1267 2411 viderunt
1288 2374 1329 2408 et
1347 2363 1493 2408 credi-

118 2437 292 2484 derunt.
321 2439 418 2484 Hoc
441 2438 474 2483 si
495 2437 592 2484 ideo
615 2437 782 2484 dictum
806 2448 954 2501 putas,
982 2448 1031 2483 u't
1049 2438 1137 2482 sine
1167 2436 1332 2481 ratione
1352 2446 1393 2480 et
1413 2438 1491 2495 ju-

121 2508 238 2556 dicio
255 2508 450 2573 quidque
468 2510 716 2563 credamus3
751 2520 839 2555 esto
869 2520 918 2555 tu
944 2509 1111 2555 beatior
1138 2508 1226 2554 sine
1251 2524 1391 2565 sensu,
1417 2523 1494 2568 ego

121 2579 233 2627 mihi
255 2590 484 2628 contentus
503 2597 575 2627 ero
595 2591 691 2627 tum
703 2580 868 2626 ratione
890 2580 1042 2628 beatus
1061 2579 1242 2627 audisse.
1274 2600 1294 2619 υ

169 2664 182 2688 ¹
199 2665 294 2698 Joan.
312 2675 344 2708 ν,
361 2665 415 2703 46.
433 2663 505 2689 —2
524 2664 607 2699 Ibid.
627 2671 681 2705 47.
694 2662 769 2689 —3
784 2663 832 2697 1d.
849 2673 904 2705 xx,
926 2675 981 2704 27.
