1795 3253
299 267 391 314 206
715 283 751 313 s.
794 280 1038 313 Aucusrlm
1075 282 1280 313 EPISCOPJ.

297 348 457 394 dueare
477 347 633 394 sanctis
656 346 807 400 dedit;
838 346 910 392 sed
938 348 1040 411 quia
1063 347 1131 393 vel
1155 347 1438 395 manducavit
1462 366 1570 414 quos
1597 370 1678 398 an-

296 422 461 468 helaret
480 458 493 478 ‚
535 421 603 468 vel
647 421 934 467 manducatus
968 432 1031 466 est
1070 440 1092 467 a
1128 421 1290 485 quibus
1326 423 1604 472 anhelaretur
1633 425 1679 473 in

297 492 477 539 ewlum.
527 493 617 537 Nec
651 492 714 538 illi
747 491 939 537 dicerent
969 509 980 537 :
1007 493 1256 548 «Domine,
1293 494 1470 557 quando
1498 506 1537 541 te
1560 496 1678 542 vidi-

299 585 320 605 »
345 581 440 609 mus
474 563 728 608 esurientem
750 600 760 619 ,
808 573 848 608 et
883 562 1082 608 dedimus
1112 563 1194 608 tibi
1227 564 1524 612 manducare?
1545 587 1564 607 »
1605 567 1679 613 sed

299 634 493 679 dicerent
519 652 529 678 ε
555 632 744 690 Quando
769 643 808 678 te
830 633 1019 679 vidimus
1043 633 1300 680 esurientem
1335 646 1377 681 et
1405 636 1678 684 manducasti

300 709 402 751 nos'?
428 705 601 761 Quibus
627 704 698 750 ille
720 721 805 749 non
835 704 1110 768 responderet
1137 723 1146 749 :
1172 705 1314 751 «Cum
1332 707 1406 752 uni
1421 724 1469 752 ex
1490 707 1680 754 minimis

299 777 436 821 »meis
457 775 632 821 dedistis
645 814 654 831 ‚
675 775 783 821 mihi
802 775 976 821 dedistis
994 794 1002 820 :
1024 776 1125 821 »sed
1143 814 1153 827 ,
1172 777 1284 822 Cum
1298 794 1408 823 unus
1426 796 1472 823 ex
1491 778 1680 825 minimis

299 847 404 892 meis
422 865 496 893 vos
520 845 803 892 manducaxit
819 885 829 900 ,
859 865 935 907 ego
963 864 1038 893 vos
1057 847 1330 895 manducavi.

366 919 444 965 XI.
478 919 585 964 Haec
603 929 803 982 portenta
821 918 1048 963 sentientes
1069 929 1109 963 et
1129 919 1353 974 docentes,
1376 930 1417 965 et
1441 920 1682 967 secundum

302 989 400 1035 haec
417 990 623 1045 viventes9
638 990 803 1035 audetis
826 1007 900 1035 vos
919 990 1060 1035 dicere
1079 991 1324 1050 evangelica
1347 1002 1569 1055 praecepta
1592 1009 1682 1038 ser—

302 1078 402 1106 vare
420 1098 430 1113 ,
455 1072 495 1106 et
530 1060 760 1108 catholicae
787 1061 990 1107 Ecclesise
1015 1061 1220 1122 derogare,
1243 1100 1252 1119 ,
1277 1063 1319 1107 in
1351 1080 1435 1127 qua
1464 1074 1564 1108 sunt
1592 1074 1682 1109 tam

303 1131 430 1176 multi
452 1131 602 1194 pusilli
626 1149 726 1177 cum
750 1131 915 1191 magnis
931 1169 941 1178 .
970 1149 1077 1195 quos
1099 1143 1303 1196 utrosque
1320 1134 1530 1180 Dominus
1547 1134 1684 1180 bene-

304 1203 436 1259 dicit,
464 1220 546 1266 pro
574 1203 659 1248 suis
683 1204 891 1263 gradibus
912 1204 1158 1263 evangelica
1194 1204 1400 1250 mandata
1436 1215 1651 1251 servantes
1669 1243 1680 1262 ‚

304 1283 345 1318 et
363 1272 607 1332 evangelica
637 1273 848 1336 promissa
873 1285 1106 1336 sperantes.
1151 1274 1235 1319 Sed
1278 1286 1465 1320 vestrum
1507 1273 1685 1320 oculum

305 1343 539 1390 malevolus
569 1360 688 1389 error
721 1343 765 1388 in
789 1342 923 1388 solam
957 1343 1126 1406 paleam
1151 1355 1309 1390 nostrae
1341 1345 1490 1405 segetis
1523 1344 1681 1391 ducit:

307 1434 408 1461 nam
432 1426 474 1460 et
509 1415 701 1461 triticum
734 1415 797 1461 ibi
820 1415 906 1461 cito
930 1415 1154 1472 videretis,
1182 1416 1216 1461 si
1239 1427 1280 1462 et
1305 1434 1391 1462 esse
1417 1415 1593 1463 velletis.
1634 1418 1687 1462 In

307 1487 432 1533 vobis
456 1497 615 1543 autem,
639 1497 680 1532 et
696 1486 773 1550 qui
786 1485 1021 1532 Manichaei
1043 1486 1134 1531 ficti
1156 1497 1273 1543 sunt,
1292 1486 1395 1532 mali
1412 1497 1512 1532 sunt
1529 1506 1540 1541 3
1558 1486 1687 1550 etqui

307 1558 399 1603 ficti
420 1575 507 1603 non
534 1568 664 1614 sunt,
689 1558 789 1603 vani
815 1567 929 1604 sunt.
974 1557 1062 1602 Ubi
1093 1557 1205 1602 enim
1233 1557 1339 1603 fides
1363 1557 1456 1621 ipsa
1478 1557 1580 1602 ficta
1599 1567 1683 1614 est,

306 1629 440 1692 etqui
468 1646 515 1674 ea
537 1628 735 1675 simulate
758 1628 912 1684 utitur,
934 1627 1045 1674 fallit
1067 1646 1076 1673 ε
1101 1639 1142 1674 et
1160 1629 1237 1693 qui
1258 1645 1353 1674 eam
1371 1645 1517 1674 veram
1541 1628 1688 1674 existi-

305 1710 421 1756 mat,
451 1699 613 1745 fallitur
646 1718 656 1745 :
688 1716 766 1745 nec
791 1716 837 1744 ex
859 1716 904 1744 ea
929 1709 1070 1762 potest
1090 1699 1264 1745 existere
1288 1699 1405 1744 bona
1424 1699 1513 1744 vita
1542 1716 1553 1743 ε
1584 1698 1688 1762 quia

305 1788 351 1815 ex
369 1788 514 1815 amore
531 1788 608 1816 suo
630 1771 814 1834 quisque
831 1770 961 1825 vivit,
989 1771 1056 1816 vel
1078 1771 1187 1815 bene
1204 1770 1272 1815 vel
1296 1769 1516 1816 male.Vos
1542 1780 1688 1815 autem

307 1840 340 1886 si
365 1841 569 1905 spiritalis
586 1853 715 1906 atque
731 1840 1014 1901 intelligibilis
1034 1841 1142 1886 boni
1160 1840 1373 1886 charitate
1388 1876 1400 1896 ‚
1423 1856 1471 1885 ac
1486 1857 1573 1885 non
1591 1857 1684 1885 cor-

307 1912 521 1976 poralium
543 1913 896 1976 phantasmatum
920 1911 1161 1976 cupiditate
1186 1911 1408 1966 arderetis,
1436 1921 1484 1955 ut
1501 1910 1588 1956 cito
1611 1910 1685 1956 di-

307 2000 402 2029 cam
413 1983 532 2048 quod
543 1983 596 2029 de
606 1984 729 2030 vobis
743 1983 1013 2029 notissimum
1023 1993 1102 2039 est,
1120 1982 1251 2028 solem
1264 1982 1393 2028 istum
1404 1998 1662 2045 corporeum
1671 2018 1682 2037 ,

307 2072 395 2100 non
420 2072 502 2119 pro
525 2055 674 2101 divina
705 2054 970 2109 substantia,
997 2064 1038 2099 et
1067 2071 1148 2118 pro
1178 2051 1400 2117 sapientiae
1428 2050 1526 2097 luce
1557 2051 1676 2098 cole-

305 2137 420 2173 retis.
