1795 3253
285 262 378 311 358
706 280 741 308 s.
784 277 1026 312 Auoesrlm
1063 279 1266 310 erlscom

283 347 488 394 labamur
516 360 564 389 ex
597 354 718 390 utero
753 346 903 391 matris
931 345 1159 402 Ecclesiae,
1197 363 1328 410 quam
1354 365 1432 412 per
1466 347 1664 395 stabilem

287 426 550 479 conceptum
570 416 741 461 formati
761 417 1027 481 perfectique
1050 434 1292 466 nascamur.

355 487 560 533 XLYlll.
603 487 699 532 Hoc
734 489 892 534 Fausto
916 506 998 552 pro
1022 488 1219 534 moribus
1247 489 1599 537 patriarcharum
1627 503 1668 537 et

290 558 615 622 Prophetarum
650 575 696 603 ex
733 575 840 604 voce
876 559 1160 623 parvulorum
1199 570 1448 607 nostrorum
1483 562 1671 608 breviter

290 629 588 694 responderim
606 647 615 674 :
631 629 743 675 inter
766 646 876 694 quos
897 642 938 676 et
962 648 1028 676 me
1050 630 1194 694 ipsum
1219 630 1539 695 deputaverim,
1566 632 1672 679 dum

292 713 436 748 tamen
465 719 552 747 non
576 701 895 765 reprehendam
925 703 1056 748 vitam
1089 713 1340 748 sanctorum
1373 705 1673 768 antiquorum,

293 773 422 819 etiam
450 772 482 818 si
507 789 595 818 non
618 772 857 832 intelligam
888 787 1019 836 quam
1051 773 1232 836 mystice
1264 773 1463 831 vixerint,
1490 791 1681 839 quorum

295 845 429 890 vitam
461 843 588 889 nobis
616 843 899 889 laudabiliter
924 844 1122 907 Apostoli
1154 843 1388 905 Evangelio
1414 863 1488 891 suo
1513 845 1682 909 praedi-

298 927 472 971 carunt,
500 916 613 961 sicut
642 916 713 962 illa
737 933 812 961 sua
834 916 1070 979 prophetia
1100 914 1272 962 futuros
1300 917 1531 980 Apostolos
1563 931 1683 982 prae-

299 987 516 1043 dixerunt,
542 998 590 1032 ut
608 986 797 1032 clament
817 986 869 1032 ad
891 1003 931 1031 se
954 987 1139 1032 invicem
1160 985 1248 1032 duo
1265 986 1556 1043 Testamenta,
1574 987 1687 1033 sieut

301 1058 390 1103 duo
413 1058 662 1121 Seraphim,
679 1079 698 1098 «
715 1058 918 1115 Sanctus,
941 1068 1132 1114 sanctus,
1151 1068 1324 1104 sanetus
1340 1058 1553 1105 Dominus
1572 1059 1688 1104 Deus

305 1150 326 1171 >›
347 1128 591 1175 Sabaoth1.
618 1149 639 1170 »
665 1130 777 1175 Cum
803 1146 905 1175 vero
930 1130 1114 1193 coeperit
1144 1130 1318 1175 Faustus
1345 1129 1624 1175 Patriarehas
1647 1139 1689 1175 et

303 1200 569 1263 Prophetas,
591 1218 680 1246 non
709 1201 897 1261 generali
927 1211 1057 1264 atque
1086 1200 1312 1246 indefinita
1335 1199 1685 1264 reprehensione,

304 1271 417 1317 sicut
439 1271 514 1316 hie
536 1271 657 1328 feeit,
685 1271 758 1317 sed
785 1272 965 1335 proprie
990 1271 1104 1317 faeta
1127 1288 1277 1316 eorum
1307 1271 1690 1318 commemorando

308 1343 558 1400 criminari,
592 1343 823 1404 adjuvabit
846 1360 914 1389 me
938 1343 1152 1389 Dominus
1172 1343 1288 1388 Deus
1311 1359 1459 1389 eorum
1479 1381 1490 1400 ‚
1525 1343 1603 1408 qui
1631 1353 1694 1388 est

308 1414 439 1460 etiam
464 1425 626 1471 noster,
648 1425 697 1461 ut
720 1414 775 1461 ad
798 1414 965 1475 singula
991 1424 1279 1475 congruenter
1303 1424 1487 1478 apteque
1510 1430 1694 1478 respon-

311 1483 451 1531 deam.
482 1486 612 1531 Nunc
632 1502 733 1532 vero
754 1485 849 1532 illos
869 1485 1068 1531 homines
1089 1487 1271 1531 Faustus
1291 1484 1563 1534 Manichaeus
1581 1485 1696 1531 vitu-

311 1567 452 1620 perat,
477 1556 639 1603 Paulus
666 1568 811 1604 autem
833 1556 1053 1620 apostolus
1076 1556 1228 1602 laudat
1247 1574 1257 1601 :
1275 1556 1404 1618 eligat
1420 1556 1602 1621 quisque
1625 1557 1696 1603 cui

311 1626 476 1674 eredat.

365 1721 373 1743 ¹
398 1720 470 1753 lsai,
494 1731 538 1763 u,
555 1722 585 1753 3.
