<?xml version="1.0" encoding="UTF-8"?>
<!DOCTYPE html PUBLIC "-//W3C//DTD XHTML 1.0 Transitional//EN"
    "http://www.w3.org/TR/xhtml1/DTD/xhtml1-transitional.dtd">
<html xmlns="http://www.w3.org/1999/xhtml" xml:lang="en" lang="en">
 <head>
  <title>
</title>
<meta http-equiv="Content-Type" content="text/html;charset=utf-8" />
  <meta name='ocr-system' content='tesseract 3.04.00' />
  <meta name='ocr-capabilities' content='ocr_page ocr_carea ocr_par ocr_line ocrx_word'/>
</head>
<body>
  <div class='ocr_page' id='page_1' title='image "./operaomniaaccura28auguuoft/operaomniaaccura28auguuoft_0372.png"; bbox 0 0 1795 3253; ppageno 0'>
   <div class='ocr_carea' id='block_1_1' title="bbox 344 275 1329 321">
    <p class='ocr_par' dir='ltr' id='par_1_1' title="bbox 344 275 1329 321">
     <span class='ocr_line' id='line_1_1' title="bbox 344 275 1329 321; baseline 0.001 -3"><span class='ocrx_word' id='word_1_1' title='bbox 344 275 433 321; x_wconf 74' lang='lat'>:362</span> <span class='ocrx_word' id='word_1_2' title='bbox 764 289 799 319; x_wconf 83' lang='lat' dir='ltr'>s.</span> <span class='ocrx_word' id='word_1_3' title='bbox 843 289 1087 320; x_wconf 74' lang='lat' dir='ltr'>Aucusrml</span> <span class='ocrx_word' id='word_1_4' title='bbox 1123 288 1329 320; x_wconf 78' lang='lat' dir='ltr'><strong>EPISCOPI</strong></span> 
     </span>
    </p>
   </div>
   <div class='ocr_carea' id='block_1_2' title="bbox 334 354 1730 2626">
    <p class='ocr_par' dir='ltr' id='par_1_2' title="bbox 337 354 1727 1538">
     <span class='ocr_line' id='line_1_2' title="bbox 341 354 1721 420; baseline 0.002 -21"><span class='ocrx_word' id='word_1_5' title='bbox 341 356 437 401; x_wconf 76' lang='lat' dir='ltr'>«lem</span> <span class='ocrx_word' id='word_1_6' title='bbox 459 366 653 400; x_wconf 86' lang='lat' dir='ltr'>nostrum</span> <span class='ocrx_word' id='word_1_7' title='bbox 681 354 837 400; x_wconf 86' lang='lat' dir='ltr'>Filium</span> <span class='ocrx_word' id='word_1_8' title='bbox 867 355 971 409; x_wconf 86' lang='lat' dir='ltr'>Dei3</span> <span class='ocrx_word' id='word_1_9' title='bbox 995 355 1116 420; x_wconf 85' lang='lat' dir='ltr'>quasi</span> <span class='ocrx_word' id='word_1_10' title='bbox 1141 355 1317 401; x_wconf 82' lang='lat' dir='ltr'>Ilehraei</span> <span class='ocrx_word' id='word_1_11' title='bbox 1345 354 1571 401; x_wconf 82' lang='lat' dir='ltr'><strong>Christum</strong></span> <span class='ocrx_word' id='word_1_12' title='bbox 1596 372 1721 402; x_wconf 89' lang='lat' dir='ltr'>suum</span> 
     </span>
     <span class='ocr_line' id='line_1_3' title="bbox 343 425 1725 474; baseline 0.001 -3"><span class='ocrx_word' id='word_1_13' title='bbox 343 444 427 471; x_wconf 80' lang='lat' dir='ltr'>non</span> <span class='ocrx_word' id='word_1_14' title='bbox 466 425 622 471; x_wconf 88' lang='lat' dir='ltr'>Filium</span> <span class='ocrx_word' id='word_1_15' title='bbox 660 426 739 470; x_wconf 91' lang='lat' dir='ltr'>Dei</span> <span class='ocrx_word' id='word_1_16' title='bbox 770 425 977 474; x_wconf 84' lang='lat' dir='ltr'>dicerent.</span> <span class='ocrx_word' id='word_1_17' title='bbox 1021 428 1132 471; x_wconf 75' lang='lat' dir='ltr'>Ecce</span> <span class='ocrx_word' id='word_1_18' title='bbox 1171 443 1247 471; x_wconf 89' lang='lat' dir='ltr'>nos</span> <span class='ocrx_word' id='word_1_19' title='bbox 1283 425 1548 472; x_wconf 81' lang='lat' dir='ltr'>ostendimus</span> <span class='ocrx_word' id='word_1_20' title='bbox 1584 427 1725 472; x_wconf 88' lang='lat' dir='ltr'>Deum</span> 
     </span>
     <span class='ocr_line' id='line_1_4' title="bbox 341 497 1723 562; baseline 0.001 -20"><span class='ocrx_word' id='word_1_21' title='bbox 341 498 564 543; x_wconf 80' lang='lat' dir='ltr'>Christum</span> <span class='ocrx_word' id='word_1_22' title='bbox 583 498 760 557; x_wconf 75' lang='lat' dir='ltr'>virginis</span> <span class='ocrx_word' id='word_1_23' title='bbox 782 498 939 544; x_wconf 89' lang='lat' dir='ltr'>Filium</span> <span class='ocrx_word' id='word_1_24' title='bbox 957 516 1002 544; x_wconf 79' lang='lat' dir='ltr'>ex</span> <span class='ocrx_word' id='word_1_25' title='bbox 1025 498 1210 544; x_wconf 74' lang='lat' dir='ltr'>Ilehraea</span> <span class='ocrx_word' id='word_1_26' title='bbox 1230 497 1478 562; x_wconf 80' lang='lat' dir='ltr'>prophetia.</span> <span class='ocrx_word' id='word_1_27' title='bbox 1506 499 1618 544; x_wconf 86' lang='lat' dir='ltr'>Nam</span> <span class='ocrx_word' id='word_1_28' title='bbox 1639 499 1723 544; x_wconf 91' lang='lat' dir='ltr'>uti—</span> 
     </span>
     <span class='ocr_line' id='line_1_5' title="bbox 340 568 1725 633; baseline 0.004 -23"><span class='ocrx_word' id='word_1_29' title='bbox 340 585 423 632; x_wconf 78' lang='lat' dir='ltr'>que</span> <span class='ocrx_word' id='word_1_30' title='bbox 444 580 484 613; x_wconf 87' lang='lat' dir='ltr'>et</span> <span class='ocrx_word' id='word_1_31' title='bbox 505 569 526 612; x_wconf 84' lang='lat' dir='ltr'><strong>J</strong></span> <span class='ocrx_word' id='word_1_32' title='bbox 537 568 650 614; x_wconf 50' lang='lat' dir='ltr'>uda-fi</span> <span class='ocrx_word' id='word_1_33' title='bbox 670 569 876 617; x_wconf 79' lang='lat' dir='ltr'>carnales.</span> <span class='ocrx_word' id='word_1_34' title='bbox 899 588 951 615; x_wconf 84' lang='lat' dir='ltr'>ne</span> <span class='ocrx_word' id='word_1_35' title='bbox 972 570 1058 615; x_wconf 84' lang='lat' dir='ltr'>hoc</span> <span class='ocrx_word' id='word_1_36' title='bbox 1078 569 1216 615; x_wconf 87' lang='lat' dir='ltr'>solum</span> <span class='ocrx_word' id='word_1_37' title='bbox 1237 580 1446 633; x_wconf 89' lang='lat' dir='ltr'>putarent</span> <span class='ocrx_word' id='word_1_38' title='bbox 1460 587 1548 615; x_wconf 86' lang='lat' dir='ltr'>esse</span> <span class='ocrx_word' id='word_1_39' title='bbox 1567 570 1725 616; x_wconf 89' lang='lat' dir='ltr'>Chris-</span> 
     </span>
     <span class='ocr_line' id='line_1_6' title="bbox 341 640 1722 704; baseline 0.001 -19"><span class='ocrx_word' id='word_1_40' title='bbox 341 650 450 689; x_wconf 75' lang='lat' dir='ltr'>tum.</span> <span class='ocrx_word' id='word_1_41' title='bbox 469 640 587 703; x_wconf 86' lang='lat' dir='ltr'>quod</span> <span class='ocrx_word' id='word_1_42' title='bbox 608 651 789 704; x_wconf 85' lang='lat' dir='ltr'>propter</span> <span class='ocrx_word' id='word_1_43' title='bbox 808 658 883 686; x_wconf 91' lang='lat' dir='ltr'>nos</span> <span class='ocrx_word' id='word_1_44' title='bbox 900 641 1038 687; x_wconf 83' lang='lat' dir='ltr'>factus</span> <span class='ocrx_word' id='word_1_45' title='bbox 1057 651 1118 685; x_wconf 89' lang='lat' dir='ltr'>est</span> <span class='ocrx_word' id='word_1_46' title='bbox 1136 641 1271 686; x_wconf 89' lang='lat' dir='ltr'>homo</span> <span class='ocrx_word' id='word_1_47' title='bbox 1288 658 1335 686; x_wconf 86' lang='lat' dir='ltr'>ex</span> <span class='ocrx_word' id='word_1_48' title='bbox 1354 641 1513 686; x_wconf 85' lang='lat' dir='ltr'>semine</span> <span class='ocrx_word' id='word_1_49' title='bbox 1531 640 1722 697; x_wconf 77' lang='lat' dir='ltr'>David1,</span> 
     </span>
     <span class='ocr_line' id='line_1_7' title="bbox 340 711 1721 775; baseline 0.001 -19"><span class='ocrx_word' id='word_1_50' title='bbox 340 711 542 757; x_wconf 84' lang='lat' dir='ltr'>admonet</span> <span class='ocrx_word' id='word_1_51' title='bbox 565 729 634 756; x_wconf 86' lang='lat' dir='ltr'>eos</span> <span class='ocrx_word' id='word_1_52' title='bbox 657 712 749 775; x_wconf 90' lang='lat' dir='ltr'>ipse</span> <span class='ocrx_word' id='word_1_53' title='bbox 769 712 982 757; x_wconf 85' lang='lat' dir='ltr'>Dominus</span> <span class='ocrx_word' id='word_1_54' title='bbox 1011 730 1055 757; x_wconf 79' lang='lat' dir='ltr'>ex</span> <span class='ocrx_word' id='word_1_55' title='bbox 1081 711 1317 775; x_wconf 73' lang='lat' dir='ltr'>prophetia</span> <span class='ocrx_word' id='word_1_56' title='bbox 1344 711 1535 771; x_wconf 82' lang='lat' dir='ltr'>ejusdem</span> <span class='ocrx_word' id='word_1_57' title='bbox 1560 711 1721 768; x_wconf 78' lang='lat' dir='ltr'>David,</span> 
     </span>
     <span class='ocr_line' id='line_1_8' title="bbox 340 783 1725 848; baseline 0.001 -21"><span class='ocrx_word' id='word_1_58' title='bbox 340 800 537 847; x_wconf 53' lang='lat' dir='ltr'>querrens</span> <span class='ocrx_word' id='word_1_59' title='bbox 559 783 613 829; x_wconf 87' lang='lat' dir='ltr'>ah</span> <span class='ocrx_word' id='word_1_60' title='bbox 633 784 707 837; x_wconf 76' lang='lat' dir='ltr'>eis,</span> <span class='ocrx_word' id='word_1_61' title='bbox 729 783 834 848; x_wconf 83' lang='lat' dir='ltr'>quid</span> <span class='ocrx_word' id='word_1_62' title='bbox 857 784 915 829; x_wconf 84' lang='lat' dir='ltr'>eis</span> <span class='ocrx_word' id='word_1_63' title='bbox 934 784 1154 829; x_wconf 58' lang='lat' dir='ltr'>xidirretur</span> <span class='ocrx_word' id='word_1_64' title='bbox 1173 783 1226 829; x_wconf 83' lang='lat' dir='ltr'>de.</span> <span class='ocrx_word' id='word_1_65' title='bbox 1253 784 1448 840; x_wconf 75' lang='lat' dir='ltr'>Christo,</span> <span class='ocrx_word' id='word_1_66' title='bbox 1479 788 1602 843; x_wconf 87' lang='lat' dir='ltr'>cujus</span> <span class='ocrx_word' id='word_1_67' title='bbox 1624 800 1673 830; x_wconf 84' lang='lat' dir='ltr'>eu</span> <span class='ocrx_word' id='word_1_68' title='bbox 1686 801 1725 828; x_wconf 92' lang='lat' dir='ltr'>m</span> 
     </span>
     <span class='ocr_line' id='line_1_9' title="bbox 338 854 1726 922; baseline -0.001 -23"><span class='ocrx_word' id='word_1_69' title='bbox 338 854 530 899; x_wconf 84' lang='lat' dir='ltr'>dicerent</span> <span class='ocrx_word' id='word_1_70' title='bbox 556 871 640 900; x_wconf 87' lang='lat' dir='ltr'>esse</span> <span class='ocrx_word' id='word_1_71' title='bbox 667 855 819 902; x_wconf 83' lang='lat' dir='ltr'>silium.</span> <span class='ocrx_word' id='word_1_72' title='bbox 854 855 940 912; x_wconf 82' lang='lat' dir='ltr'>Qui</span> <span class='ocrx_word' id='word_1_73' title='bbox 969 872 1068 922; x_wconf 76' lang='lat' dir='ltr'>cum</span> <span class='ocrx_word' id='word_1_74' title='bbox 1097 854 1444 919; x_wconf 69' lang='lat' dir='ltr'>respondissent,</span> <span class='ocrx_word' id='word_1_75' title='bbox 1474 854 1646 909; x_wconf 78' lang='lat' dir='ltr'>David,</span> <span class='ocrx_word' id='word_1_76' title='bbox 1674 871 1726 899; x_wconf 82' lang='lat' dir='ltr'>ne</span> 
     </span>
     <span class='ocr_line' id='line_1_10' title="bbox 339 924 1726 989; baseline -0.001 -18"><span class='ocrx_word' id='word_1_77' title='bbox 339 926 425 971; x_wconf 87' lang='lat' dir='ltr'>hoc</span> <span class='ocrx_word' id='word_1_78' title='bbox 445 925 603 975; x_wconf 72' lang='lat' dir='ltr'>solum.</span> <span class='ocrx_word' id='word_1_79' title='bbox 629 936 675 971; x_wconf 91' lang='lat' dir='ltr'>ut</span> <span class='ocrx_word' id='word_1_80' title='bbox 693 926 798 972; x_wconf 74' lang='lat' dir='ltr'>dixi.</span> <span class='ocrx_word' id='word_1_81' title='bbox 819 937 1067 989; x_wconf 81' lang='lat' dir='ltr'>putaretur.</span> <span class='ocrx_word' id='word_1_82' title='bbox 1091 938 1131 971; x_wconf 91' lang='lat' dir='ltr'>et</span> <span class='ocrx_word' id='word_1_83' title='bbox 1153 944 1238 971; x_wconf 85' lang='lat' dir='ltr'>non</span> <span class='ocrx_word' id='word_1_84' title='bbox 1261 926 1523 989; x_wconf 67' lang='lat' dir='ltr'>respicerent</span> <span class='ocrx_word' id='word_1_85' title='bbox 1549 924 1602 969; x_wconf 88' lang='lat' dir='ltr'>ad</span> <span class='ocrx_word' id='word_1_86' title='bbox 1625 926 1726 970; x_wconf 84' lang='lat' dir='ltr'>Em-</span> 
     </span>
     <span class='ocr_line' id='line_1_11' title="bbox 337 996 1726 1060; baseline -0.001 -19"><span class='ocrx_word' id='word_1_87' title='bbox 337 996 534 1053; x_wconf 81' lang='lat' dir='ltr'>manuel,</span> <span class='ocrx_word' id='word_1_88' title='bbox 563 997 678 1060; x_wconf 88' lang='lat' dir='ltr'>quod</span> <span class='ocrx_word' id='word_1_89' title='bbox 706 1008 767 1042; x_wconf 85' lang='lat' dir='ltr'>est</span> <span class='ocrx_word' id='word_1_90' title='bbox 787 998 1119 1060; x_wconf 84' lang='lat' dir='ltr'>interpretatum</span> <span class='ocrx_word' id='word_1_91' title='bbox 1137 1035 1146 1052; x_wconf 85' lang='lat'>,</span> <span class='ocrx_word' id='word_1_92' title='bbox 1184 997 1423 1042; x_wconf 82' lang='lat' dir='ltr'>Nobiscum</span> <span class='ocrx_word' id='word_1_93' title='bbox 1459 997 1576 1041; x_wconf 87' lang='lat' dir='ltr'>Deus</span> <span class='ocrx_word' id='word_1_94' title='bbox 1599 1013 1608 1040; x_wconf 75' lang='grc' dir='ltr'>ε</span> <span class='ocrx_word' id='word_1_95' title='bbox 1631 1017 1651 1037; x_wconf 76' lang='grc' dir='ltr'>α</span> <span class='ocrx_word' id='word_1_96' title='bbox 1672 997 1726 1040; x_wconf 78' lang='lat' dir='ltr'>Et</span> 
     </span>
     <span class='ocr_line' id='line_1_12' title="bbox 338 1067 1726 1132; baseline 0 -21"><span class='ocrx_word' id='word_1_97' title='bbox 338 1087 359 1107; x_wconf 69' lang='grc' dir='ltr'>υ</span> <span class='ocrx_word' id='word_1_98' title='bbox 386 1067 626 1130; x_wconf 84' lang='lat' dir='ltr'>quomodo,</span> <span class='ocrx_word' id='word_1_99' title='bbox 654 1069 813 1132; x_wconf 79' lang='lat' dir='ltr'>inquit.</span> <span class='ocrx_word' id='word_1_100' title='bbox 847 1068 937 1131; x_wconf 89' lang='lat' dir='ltr'>ipse</span> <span class='ocrx_word' id='word_1_101' title='bbox 963 1068 1102 1114; x_wconf 80' lang='lat' dir='ltr'>David</span> <span class='ocrx_word' id='word_1_102' title='bbox 1127 1069 1171 1113; x_wconf 88' lang='lat' dir='ltr'>iu</span> <span class='ocrx_word' id='word_1_103' title='bbox 1196 1068 1351 1131; x_wconf 88' lang='lat' dir='ltr'>spiritu</span> <span class='ocrx_word' id='word_1_104' title='bbox 1373 1067 1480 1112; x_wconf 86' lang='lat' dir='ltr'>dicit.</span> <span class='ocrx_word' id='word_1_105' title='bbox 1505 1084 1602 1111; x_wconf 91' lang='lat' dir='ltr'>eum</span> <span class='ocrx_word' id='word_1_106' title='bbox 1636 1068 1726 1111; x_wconf 91' lang='lat' dir='ltr'>Do-</span> 
     </span>
     <span class='ocr_line' id='line_1_13' title="bbox 339 1137 1723 1194; baseline 0.001 -14"><span class='ocrx_word' id='word_1_107' title='bbox 339 1159 359 1178; x_wconf 81' lang='lat'>»</span> <span class='ocrx_word' id='word_1_108' title='bbox 383 1139 570 1194; x_wconf 83' lang='lat' dir='ltr'>minum,</span> <span class='ocrx_word' id='word_1_109' title='bbox 597 1138 744 1184; x_wconf 82' lang='lat' dir='ltr'>dicens</span> <span class='ocrx_word' id='word_1_110' title='bbox 768 1157 777 1184; x_wconf 79' lang='lat' dir='ltr'><strong><em>z</em></strong></span> <span class='ocrx_word' id='word_1_111' title='bbox 801 1139 918 1183; x_wconf 84' lang='lat' dir='ltr'>Dixit</span> <span class='ocrx_word' id='word_1_112' title='bbox 938 1140 1153 1185; x_wconf 83' lang='lat' dir='ltr'>Dominus</span> <span class='ocrx_word' id='word_1_113' title='bbox 1181 1139 1372 1184; x_wconf 76' lang='lat' dir='ltr'>Domino</span> <span class='ocrx_word' id='word_1_114' title='bbox 1396 1155 1490 1182; x_wconf 79' lang='lat' dir='ltr'>meo</span> <span class='ocrx_word' id='word_1_115' title='bbox 1506 1155 1515 1182; x_wconf 81' lang='lat' dir='ltr'>z</span> <span class='ocrx_word' id='word_1_116' title='bbox 1531 1137 1640 1183; x_wconf 75' lang='lat' dir='ltr'>Sede</span> <span class='ocrx_word' id='word_1_117' title='bbox 1673 1138 1723 1182; x_wconf 86' lang='lat' dir='ltr'>acl</span> 
     </span>
     <span class='ocr_line' id='line_1_14' title="bbox 338 1208 1726 1274; baseline 0.001 -23"><span class='ocrx_word' id='word_1_118' title='bbox 338 1230 358 1250; x_wconf 87' lang='lat'>»</span> <span class='ocrx_word' id='word_1_119' title='bbox 385 1208 603 1254; x_wconf 80' lang='lat' dir='ltr'>dexteram</span> <span class='ocrx_word' id='word_1_120' title='bbox 625 1226 783 1266; x_wconf 82' lang='lat' dir='ltr'>meam,</span> <span class='ocrx_word' id='word_1_121' title='bbox 808 1210 947 1255; x_wconf 85' lang='lat' dir='ltr'>donec</span> <span class='ocrx_word' id='word_1_122' title='bbox 967 1228 1129 1274; x_wconf 89' lang='lat' dir='ltr'>ponam</span> <span class='ocrx_word' id='word_1_123' title='bbox 1152 1210 1349 1256; x_wconf 79' lang='lat' dir='ltr'>inimicos</span> <span class='ocrx_word' id='word_1_124' title='bbox 1376 1220 1471 1254; x_wconf 90' lang='lat' dir='ltr'>tuos</span> <span class='ocrx_word' id='word_1_125' title='bbox 1489 1208 1726 1254; x_wconf 77' lang='lat' dir='ltr'>scabellum</span> 
     </span>
     <span class='ocr_line' id='line_1_15' title="bbox 338 1279 1727 1344; baseline 0.004 -24"><span class='ocrx_word' id='word_1_126' title='bbox 338 1299 359 1320; x_wconf 83' lang='lat'>»</span> <span class='ocrx_word' id='word_1_127' title='bbox 383 1279 547 1342; x_wconf 87' lang='lat' dir='ltr'>pedum</span> <span class='ocrx_word' id='word_1_128' title='bbox 574 1281 808 1325; x_wconf 64' lang='lat' dir='ltr'>tuorum29</span> <span class='ocrx_word' id='word_1_129' title='bbox 832 1302 851 1321; x_wconf 83' lang='lat'>»</span> <span class='ocrx_word' id='word_1_130' title='bbox 872 1281 1011 1337; x_wconf 76' lang='lat' dir='ltr'>Ecce,</span> <span class='ocrx_word' id='word_1_131' title='bbox 1033 1282 1212 1344; x_wconf 87' lang='lat' dir='ltr'>inquam</span> <span class='ocrx_word' id='word_1_132' title='bbox 1233 1317 1243 1335; x_wconf 88' lang='lat'>,</span> <span class='ocrx_word' id='word_1_133' title='bbox 1275 1297 1352 1325; x_wconf 89' lang='lat' dir='ltr'>nos</span> <span class='ocrx_word' id='word_1_134' title='bbox 1383 1279 1650 1325; x_wconf 84' lang='lat' dir='ltr'>ostendimus</span> <span class='ocrx_word' id='word_1_135' title='bbox 1681 1297 1727 1325; x_wconf 82' lang='lat' dir='ltr'>ex</span> 
     </span>
     <span class='ocr_line' id='line_1_16' title="bbox 337 1349 1727 1414; baseline 0.001 -20"><span class='ocrx_word' id='word_1_136' title='bbox 337 1350 525 1395; x_wconf 77' lang='lat' dir='ltr'>Hebraea</span> <span class='ocrx_word' id='word_1_137' title='bbox 557 1350 793 1414; x_wconf 78' lang='lat' dir='ltr'>prophetia</span> <span class='ocrx_word' id='word_1_138' title='bbox 822 1350 1050 1396; x_wconf 83' lang='lat' dir='ltr'>Christum</span> <span class='ocrx_word' id='word_1_139' title='bbox 1087 1352 1259 1396; x_wconf 88' lang='lat' dir='ltr'>Deum:</span> <span class='ocrx_word' id='word_1_140' title='bbox 1280 1367 1356 1396; x_wconf 77' lang='lat' dir='ltr'>vos</span> <span class='ocrx_word' id='word_1_141' title='bbox 1391 1349 1603 1396; x_wconf 87' lang='lat' dir='ltr'>ostendite</span> <span class='ocrx_word' id='word_1_142' title='bbox 1644 1349 1727 1395; x_wconf 89' lang='lat' dir='ltr'>ali-</span> 
     </span>
     <span class='ocr_line' id='line_1_17' title="bbox 338 1420 1727 1485; baseline 0 -19"><span class='ocrx_word' id='word_1_143' title='bbox 338 1438 470 1485; x_wconf 88' lang='lat' dir='ltr'>quam</span> <span class='ocrx_word' id='word_1_144' title='bbox 504 1421 788 1485; x_wconf 85' lang='lat' dir='ltr'>prophetiam</span> <span class='ocrx_word' id='word_1_145' title='bbox 822 1432 1026 1479; x_wconf 73' lang='lat' dir='ltr'>vestram,</span> <span class='ocrx_word' id='word_1_146' title='bbox 1067 1421 1184 1468; x_wconf 87' lang='lat' dir='ltr'>unde</span> <span class='ocrx_word' id='word_1_147' title='bbox 1212 1438 1371 1467; x_wconf 88' lang='lat' dir='ltr'>nomen</span> <span class='ocrx_word' id='word_1_148' title='bbox 1409 1420 1576 1467; x_wconf 86' lang='lat' dir='ltr'>Christi</span> <span class='ocrx_word' id='word_1_149' title='bbox 1607 1420 1727 1466; x_wconf 84' lang='lat' dir='ltr'>didi-</span> 
     </span>
     <span class='ocr_line' id='line_1_18' title="bbox 341 1502 498 1538; baseline 0.006 -1"><span class='ocrx_word' id='word_1_150' title='bbox 341 1502 498 1538; x_wconf 64' lang='lat' dir='ltr'>cerum.</span> 
     </span>
    </p>

    <p class='ocr_par' dir='ltr' id='par_1_3' title="bbox 334 1561 1730 2626">
     <span class='ocr_line' id='line_1_19' title="bbox 402 1561 1730 1627; baseline 0.001 -20"><span class='ocrx_word' id='word_1_151' title='bbox 402 1562 476 1609; x_wconf 88' lang='lat' dir='ltr'>IV.</span> <span class='ocrx_word' id='word_1_152' title='bbox 519 1561 794 1608; x_wconf 77' lang='lat' dir='ltr'>Manichaeus</span> <span class='ocrx_word' id='word_1_153' title='bbox 812 1564 927 1608; x_wconf 88' lang='lat' dir='ltr'>enim</span> <span class='ocrx_word' id='word_1_154' title='bbox 944 1573 1084 1609; x_wconf 75' lang='lat' dir='ltr'>vester</span> <span class='ocrx_word' id='word_1_155' title='bbox 1100 1580 1189 1609; x_wconf 92' lang='lat' dir='ltr'>non</span> <span class='ocrx_word' id='word_1_156' title='bbox 1208 1562 1294 1610; x_wconf 83' lang='lat' dir='ltr'>fuit</span> <span class='ocrx_word' id='word_1_157' title='bbox 1313 1563 1533 1627; x_wconf 84' lang='lat' dir='ltr'>propheta</span> <span class='ocrx_word' id='word_1_158' title='bbox 1555 1563 1730 1609; x_wconf 89' lang='lat' dir='ltr'>venturi</span> 
     </span>
     <span class='ocr_line' id='line_1_20' title="bbox 339 1632 1729 1698; baseline 0.001 -19"><span class='ocrx_word' id='word_1_159' title='bbox 339 1633 531 1679; x_wconf 82' lang='lat' dir='ltr'>Christi:</span> <span class='ocrx_word' id='word_1_160' title='bbox 552 1632 796 1696; x_wconf 89' lang='lat' dir='ltr'>apostolum</span> <span class='ocrx_word' id='word_1_161' title='bbox 824 1634 991 1698; x_wconf 87' lang='lat' dir='ltr'>quippe</span> <span class='ocrx_word' id='word_1_162' title='bbox 1013 1637 1106 1694; x_wconf 89' lang='lat' dir='ltr'>ejus</span> <span class='ocrx_word' id='word_1_163' title='bbox 1132 1652 1173 1680; x_wconf 86' lang='lat' dir='ltr'>se</span> <span class='ocrx_word' id='word_1_164' title='bbox 1196 1634 1321 1692; x_wconf 82' lang='lat' dir='ltr'>dicit,</span> <span class='ocrx_word' id='word_1_165' title='bbox 1350 1633 1729 1697; x_wconf 87' lang='lat' dir='ltr'>impudentissima</span> 
     </span>
     <span class='ocr_line' id='line_1_21' title="bbox 339 1703 1730 1769; baseline 0.001 -20"><span class='ocrx_word' id='word_1_166' title='bbox 339 1704 514 1768; x_wconf 83' lang='lat' dir='ltr'>quidem</span> <span class='ocrx_word' id='word_1_167' title='bbox 546 1703 718 1750; x_wconf 88' lang='lat' dir='ltr'>fallacia</span> <span class='ocrx_word' id='word_1_168' title='bbox 740 1723 749 1750; x_wconf 75' lang='grc' dir='ltr'>ε</span> <span class='ocrx_word' id='word_1_169' title='bbox 770 1722 870 1750; x_wconf 91' lang='lat' dir='ltr'>nam</span> <span class='ocrx_word' id='word_1_170' title='bbox 893 1715 1062 1751; x_wconf 89' lang='lat' dir='ltr'>constat</span> <span class='ocrx_word' id='word_1_171' title='bbox 1085 1723 1173 1751; x_wconf 90' lang='lat' dir='ltr'>non</span> <span class='ocrx_word' id='word_1_172' title='bbox 1205 1705 1342 1751; x_wconf 91' lang='lat' dir='ltr'>solum</span> <span class='ocrx_word' id='word_1_173' title='bbox 1367 1715 1469 1769; x_wconf 87' lang='lat' dir='ltr'>post</span> <span class='ocrx_word' id='word_1_174' title='bbox 1491 1706 1526 1749; x_wconf 88' lang='lat' dir='ltr'>T</span> <span class='ocrx_word' id='word_1_175' title='bbox 1532 1705 1730 1751; x_wconf 88' lang='lat' dir='ltr'>ertullia-</span> 
     </span>
     <span class='ocr_line' id='line_1_22' title="bbox 334 1775 1728 1840; baseline 0.001 -19"><span class='ocrx_word' id='word_1_176' title='bbox 334 1792 461 1829; x_wconf 87' lang='lat' dir='ltr'>num,</span> <span class='ocrx_word' id='word_1_177' title='bbox 483 1775 769 1820; x_wconf 84' lang='lat' dir='ltr'>verumetiam</span> <span class='ocrx_word' id='word_1_178' title='bbox 794 1786 892 1840; x_wconf 88' lang='lat' dir='ltr'>post</span> <span class='ocrx_word' id='word_1_179' title='bbox 914 1776 1184 1840; x_wconf 79' lang='lat' dir='ltr'>Cyprianum</span> <span class='ocrx_word' id='word_1_180' title='bbox 1216 1776 1332 1822; x_wconf 88' lang='lat' dir='ltr'>hanc</span> <span class='ocrx_word' id='word_1_181' title='bbox 1369 1777 1573 1822; x_wconf 66' lang='lat' dir='ltr'>haeresim</span> <span class='ocrx_word' id='word_1_182' title='bbox 1603 1794 1728 1822; x_wconf 86' lang='lat' dir='ltr'>exor-</span> 
     </span>
     <span class='ocr_line' id='line_1_23' title="bbox 340 1845 1729 1910; baseline 0.002 -19"><span class='ocrx_word' id='word_1_183' title='bbox 340 1856 443 1892; x_wconf 85' lang='lat' dir='ltr'>tam.</span> <span class='ocrx_word' id='word_1_184' title='bbox 475 1845 638 1892; x_wconf 88' lang='lat' dir='ltr'>Omnes</span> <span class='ocrx_word' id='word_1_185' title='bbox 658 1856 805 1891; x_wconf 89' lang='lat' dir='ltr'>tamen</span> <span class='ocrx_word' id='word_1_186' title='bbox 827 1850 918 1906; x_wconf 85' lang='lat' dir='ltr'>ejus</span> <span class='ocrx_word' id='word_1_187' title='bbox 942 1846 1138 1910; x_wconf 60' lang='lat' dir='ltr'>epistolae</span> <span class='ocrx_word' id='word_1_188' title='bbox 1164 1847 1220 1893; x_wconf 83' lang='lat' dir='ltr'>ita</span> <span class='ocrx_word' id='word_1_189' title='bbox 1247 1847 1534 1893; x_wconf 80' lang='lat' dir='ltr'>exordiuntur</span> <span class='ocrx_word' id='word_1_190' title='bbox 1555 1866 1566 1893; x_wconf 72' lang='grc' dir='ltr'>ι</span> <span class='ocrx_word' id='word_1_191' title='bbox 1589 1869 1609 1889; x_wconf 73' lang='grc' dir='ltr'>α</span> <span class='ocrx_word' id='word_1_192' title='bbox 1631 1849 1729 1893; x_wconf 81' lang='lat' dir='ltr'>Ma-</span> 
     </span>
     <span class='ocr_line' id='line_1_24' title="bbox 341 1916 1729 1980; baseline 0.001 -18"><span class='ocrx_word' id='word_1_193' title='bbox 341 1916 540 1963; x_wconf 81' lang='lat' dir='ltr'>nichaeus</span> <span class='ocrx_word' id='word_1_194' title='bbox 583 1917 801 1980; x_wconf 89' lang='lat' dir='ltr'>apostolus</span> <span class='ocrx_word' id='word_1_195' title='bbox 828 1917 931 1963; x_wconf 88' lang='lat' dir='ltr'>Jesu</span> <span class='ocrx_word' id='word_1_196' title='bbox 959 1917 1140 1963; x_wconf 86' lang='lat' dir='ltr'>Christi.</span> <span class='ocrx_word' id='word_1_197' title='bbox 1168 1939 1187 1958; x_wconf 69' lang='lat'>&gt;³</span> <span class='ocrx_word' id='word_1_198' title='bbox 1230 1918 1348 1962; x_wconf 87' lang='lat' dir='ltr'>Huic</span> <span class='ocrx_word' id='word_1_199' title='bbox 1368 1935 1444 1963; x_wconf 77' lang='lat' dir='ltr'>vos</span> <span class='ocrx_word' id='word_1_200' title='bbox 1468 1918 1522 1963; x_wconf 91' lang='lat' dir='ltr'>de</span> <span class='ocrx_word' id='word_1_201' title='bbox 1551 1918 1729 1964; x_wconf 88' lang='lat' dir='ltr'>Christo</span> 
     </span>
     <span class='ocr_line' id='line_1_25' title="bbox 341 1987 1730 2052; baseline 0.001 -19"><span class='ocrx_word' id='word_1_202' title='bbox 341 2004 474 2052; x_wconf 80' lang='lat' dir='ltr'>quare</span> <span class='ocrx_word' id='word_1_203' title='bbox 497 1987 770 2034; x_wconf 73' lang='lat' dir='ltr'>credidistis‘)</span> <span class='ocrx_word' id='word_1_204' title='bbox 795 1988 1042 2044; x_wconf 86' lang='lat' dir='ltr'>Quemnam</span> <span class='ocrx_word' id='word_1_205' title='bbox 1064 1997 1211 2032; x_wconf 88' lang='lat' dir='ltr'>testem</span> <span class='ocrx_word' id='word_1_206' title='bbox 1233 1987 1358 2033; x_wconf 80' lang='lat' dir='ltr'>vobis</span> <span class='ocrx_word' id='word_1_207' title='bbox 1379 1988 1444 2033; x_wconf 89' lang='lat' dir='ltr'>sui</span> <span class='ocrx_word' id='word_1_208' title='bbox 1462 1987 1730 2052; x_wconf 85' lang='lat' dir='ltr'>apostolatus</span> 
     </span>
     <span class='ocr_line' id='line_1_26' title="bbox 342 2058 1728 2122; baseline 0.001 -19"><span class='ocrx_word' id='word_1_209' title='bbox 342 2058 548 2105; x_wconf 66' lang='lat' dir='ltr'>adduxit?</span> <span class='ocrx_word' id='word_1_210' title='bbox 569 2075 815 2122; x_wconf 87' lang='lat' dir='ltr'>nomenque</span> <span class='ocrx_word' id='word_1_211' title='bbox 833 2058 979 2121; x_wconf 88' lang='lat' dir='ltr'>ipsum</span> <span class='ocrx_word' id='word_1_212' title='bbox 1010 2058 1195 2114; x_wconf 82' lang='lat' dir='ltr'>Christi,</span> <span class='ocrx_word' id='word_1_213' title='bbox 1219 2058 1339 2122; x_wconf 89' lang='lat' dir='ltr'>quod</span> <span class='ocrx_word' id='word_1_214' title='bbox 1359 2076 1447 2104; x_wconf 89' lang='lat' dir='ltr'>non</span> <span class='ocrx_word' id='word_1_215' title='bbox 1467 2060 1628 2105; x_wconf 82' lang='lat' dir='ltr'>seimus</span> <span class='ocrx_word' id='word_1_216' title='bbox 1648 2059 1728 2105; x_wconf 87' lang='lat' dir='ltr'>nisi</span> 
     </span>
     <span class='ocr_line' id='line_1_27' title="bbox 339 2129 1725 2191; baseline 0.001 -15"><span class='ocrx_word' id='word_1_217' title='bbox 339 2130 384 2176; x_wconf 88' lang='lat' dir='ltr'>in</span> <span class='ocrx_word' id='word_1_218' title='bbox 399 2147 529 2191; x_wconf 82' lang='lat' dir='ltr'>regno</span> <span class='ocrx_word' id='word_1_219' title='bbox 547 2130 805 2176; x_wconf 65' lang='lat' dir='ltr'>Judoeorum</span> <span class='ocrx_word' id='word_1_220' title='bbox 822 2130 866 2175; x_wconf 88' lang='lat' dir='ltr'>in</span> <span class='ocrx_word' id='word_1_221' title='bbox 887 2130 1184 2176; x_wconf 87' lang='lat' dir='ltr'>sacerdotibus</span> <span class='ocrx_word' id='word_1_222' title='bbox 1207 2141 1248 2175; x_wconf 88' lang='lat' dir='ltr'>et</span> <span class='ocrx_word' id='word_1_223' title='bbox 1266 2131 1443 2191; x_wconf 81' lang='lat' dir='ltr'>regibus</span> <span class='ocrx_word' id='word_1_224' title='bbox 1459 2129 1725 2187; x_wconf 90' lang='lat' dir='ltr'>institutum,</span> 
     </span>
     <span class='ocr_line' id='line_1_28' title="bbox 340 2201 1729 2267; baseline 0.001 -20"><span class='ocrx_word' id='word_1_225' title='bbox 340 2213 391 2248; x_wconf 92' lang='lat' dir='ltr'>ut</span> <span class='ocrx_word' id='word_1_226' title='bbox 418 2219 506 2248; x_wconf 88' lang='lat' dir='ltr'>non</span> <span class='ocrx_word' id='word_1_227' title='bbox 533 2201 671 2248; x_wconf 92' lang='lat' dir='ltr'>solum</span> <span class='ocrx_word' id='word_1_228' title='bbox 694 2203 764 2248; x_wconf 86' lang='lat' dir='ltr'>ille</span> <span class='ocrx_word' id='word_1_229' title='bbox 789 2213 862 2247; x_wconf 92' lang='lat' dir='ltr'>aut</span> <span class='ocrx_word' id='word_1_230' title='bbox 885 2201 957 2248; x_wconf 90' lang='lat' dir='ltr'>ille</span> <span class='ocrx_word' id='word_1_231' title='bbox 981 2202 1139 2259; x_wconf 89' lang='lat' dir='ltr'>homo,</span> <span class='ocrx_word' id='word_1_232' title='bbox 1170 2201 1242 2248; x_wconf 88' lang='lat' dir='ltr'>sed</span> <span class='ocrx_word' id='word_1_233' title='bbox 1275 2203 1473 2249; x_wconf 88' lang='lat' dir='ltr'>universa</span> <span class='ocrx_word' id='word_1_234' title='bbox 1507 2203 1601 2267; x_wconf 85' lang='lat' dir='ltr'>ipsa</span> <span class='ocrx_word' id='word_1_235' title='bbox 1629 2221 1729 2263; x_wconf 80' lang='lat' dir='ltr'>gens</span> 
     </span>
     <span class='ocr_line' id='line_1_29' title="bbox 341 2272 1728 2338; baseline 0 -19"><span class='ocrx_word' id='word_1_236' title='bbox 341 2283 571 2337; x_wconf 85' lang='lat' dir='ltr'>totumque</span> <span class='ocrx_word' id='word_1_237' title='bbox 608 2290 789 2333; x_wconf 84' lang='lat' dir='ltr'>regnum</span> <span class='ocrx_word' id='word_1_238' title='bbox 817 2272 1038 2337; x_wconf 88' lang='lat' dir='ltr'>propheta</span> <span class='ocrx_word' id='word_1_239' title='bbox 1068 2274 1188 2319; x_wconf 83' lang='lat' dir='ltr'>fieret</span> <span class='ocrx_word' id='word_1_240' title='bbox 1212 2273 1379 2319; x_wconf 88' lang='lat' dir='ltr'>Christi</span> <span class='ocrx_word' id='word_1_241' title='bbox 1411 2273 1728 2338; x_wconf 84' lang='lat' dir='ltr'>christianique</span> 
     </span>
     <span class='ocr_line' id='line_1_30' title="bbox 340 2345 1727 2410; baseline 0 -18"><span class='ocrx_word' id='word_1_242' title='bbox 340 2345 478 2406; x_wconf 82' lang='lat' dir='ltr'>regni,</span> <span class='ocrx_word' id='word_1_243' title='bbox 506 2362 585 2391; x_wconf 89' lang='lat' dir='ltr'>cur</span> <span class='ocrx_word' id='word_1_244' title='bbox 607 2345 684 2391; x_wconf 83' lang='lat' dir='ltr'>iste</span> <span class='ocrx_word' id='word_1_245' title='bbox 708 2345 882 2401; x_wconf 80' lang='lat' dir='ltr'>invasit,</span> <span class='ocrx_word' id='word_1_246' title='bbox 905 2362 984 2391; x_wconf 89' lang='lat' dir='ltr'>cur</span> <span class='ocrx_word' id='word_1_247' title='bbox 1005 2346 1249 2410; x_wconf 86' lang='lat' dir='ltr'>usurpavit,</span> <span class='ocrx_word' id='word_1_248' title='bbox 1278 2346 1353 2409; x_wconf 86' lang='lat' dir='ltr'>qui</span> <span class='ocrx_word' id='word_1_249' title='bbox 1377 2345 1613 2408; x_wconf 88' lang='lat' dir='ltr'>Prophetis</span> <span class='ocrx_word' id='word_1_250' title='bbox 1633 2346 1727 2392; x_wconf 82' lang='lat' dir='ltr'>Hc-</span> 
     </span>
     <span class='ocr_line' id='line_1_31' title="bbox 340 2414 1721 2473; baseline 0 -11"><span class='ocrx_word' id='word_1_251' title='bbox 340 2416 471 2462; x_wconf 80' lang='lat' dir='ltr'>braeis</span> <span class='ocrx_word' id='word_1_252' title='bbox 493 2433 569 2463; x_wconf 84' lang='lat' dir='ltr'>vos</span> <span class='ocrx_word' id='word_1_253' title='bbox 593 2426 710 2462; x_wconf 86' lang='lat' dir='ltr'>vetat</span> <span class='ocrx_word' id='word_1_254' title='bbox 733 2415 924 2473; x_wconf 82' lang='lat' dir='ltr'>credere,</span> <span class='ocrx_word' id='word_1_255' title='bbox 947 2427 995 2462; x_wconf 92' lang='lat' dir='ltr'>ut</span> <span class='ocrx_word' id='word_1_256' title='bbox 1023 2433 1098 2462; x_wconf 80' lang='lat' dir='ltr'>vos</span> <span class='ocrx_word' id='word_1_257' title='bbox 1120 2415 1214 2462; x_wconf 81' lang='lat' dir='ltr'>falsi</span> <span class='ocrx_word' id='word_1_258' title='bbox 1240 2416 1405 2462; x_wconf 88' lang='lat' dir='ltr'>Christi</span> <span class='ocrx_word' id='word_1_259' title='bbox 1427 2414 1599 2464; x_wconf 83' lang='lat' dir='ltr'>fallaces</span> <span class='ocrx_word' id='word_1_260' title='bbox 1628 2416 1721 2462; x_wconf 90' lang='lat' dir='ltr'>dis-</span> 
     </span>
     <span class='ocr_line' id='line_1_32' title="bbox 338 2486 1722 2554; baseline -0.001 -20"><span class='ocrx_word' id='word_1_261' title='bbox 338 2487 509 2554; x_wconf 87' lang='lat' dir='ltr'>cipulos</span> <span class='ocrx_word' id='word_1_262' title='bbox 547 2486 677 2534; x_wconf 86' lang='lat' dir='ltr'>falsus</span> <span class='ocrx_word' id='word_1_263' title='bbox 713 2498 755 2533; x_wconf 88' lang='lat' dir='ltr'>et</span> <span class='ocrx_word' id='word_1_264' title='bbox 788 2487 915 2534; x_wconf 85' lang='lat' dir='ltr'>fallax</span> <span class='ocrx_word' id='word_1_265' title='bbox 952 2488 1172 2553; x_wconf 88' lang='lat' dir='ltr'>apostolus</span> <span class='ocrx_word' id='word_1_266' title='bbox 1211 2488 1369 2535; x_wconf 71' lang='lat' dir='ltr'>saciat?</span> <span class='ocrx_word' id='word_1_267' title='bbox 1405 2489 1630 2534; x_wconf 89' lang='lat' dir='ltr'>Postremo</span> <span class='ocrx_word' id='word_1_268' title='bbox 1669 2505 1722 2541; x_wconf 82' lang='lat' dir='ltr'>ne</span> 
     </span>
     <span class='ocr_line' id='line_1_33' title="bbox 339 2559 1725 2626; baseline 0 -19"><span class='ocrx_word' id='word_1_269' title='bbox 339 2559 555 2607; x_wconf 82' lang='lat' dir='ltr'>diceretur</span> <span class='ocrx_word' id='word_1_270' title='bbox 573 2560 629 2617; x_wconf 87' lang='lat' dir='ltr'>ei,</span> <span class='ocrx_word' id='word_1_271' title='bbox 652 2559 866 2617; x_wconf 75' lang='lat' dir='ltr'>Mentiri8‚</span> <span class='ocrx_word' id='word_1_272' title='bbox 890 2561 1123 2625; x_wconf 86' lang='lat' dir='ltr'>protulerit</span> <span class='ocrx_word' id='word_1_273' title='bbox 1139 2560 1263 2609; x_wconf 85' lang='lat' dir='ltr'>vobis</span> <span class='ocrx_word' id='word_1_274' title='bbox 1282 2560 1450 2626; x_wconf 83' lang='lat' dir='ltr'>aliquos</span> <span class='ocrx_word' id='word_1_275' title='bbox 1470 2570 1512 2607; x_wconf 90' lang='lat' dir='ltr'>et</span> <span class='ocrx_word' id='word_1_276' title='bbox 1529 2560 1725 2626; x_wconf 83' lang='lat' dir='ltr'>prophe·</span> 
     </span>
    </p>
   </div>
   <div class='ocr_carea' id='block_1_3' title="bbox 389 2646 1046 2687">
    <p class='ocr_par' dir='ltr' id='par_1_4' title="bbox 389 2646 1046 2687">
     <span class='ocr_line' id='line_1_34' title="bbox 389 2646 1046 2687; baseline 0 -5"><span class='ocrx_word' id='word_1_277' title='bbox 389 2648 720 2687; x_wconf 76' lang='lat' dir='ltr'>¹Matth.xx11‚42.</span> <span class='ocrx_word' id='word_1_278' title='bbox 737 2646 810 2672; x_wconf 78' lang='lat'>—2</span> <span class='ocrx_word' id='word_1_279' title='bbox 827 2647 909 2683; x_wconf 80' lang='lat' dir='ltr'>Psal.</span> <span class='ocrx_word' id='word_1_280' title='bbox 931 2660 997 2687; x_wconf 73' lang='lat' dir='ltr'>cix,</span> <span class='ocrx_word' id='word_1_281' title='bbox 1018 2661 1046 2685; x_wconf 85' lang='lat'>1.</span> 
     </span>
    </p>
   </div>
  </div>
 </body>
</html>
