1795 3253
286 286 348 335 86
713 303 748 335 5.
791 302 1035 335 ΑυαυετιΝι
1071 305 1276 337 EPISCOPI

285 370 555 432 pugnarem?
575 366 783 431 Depressa
808 386 921 425 sum,
940 371 1148 434 permixta
1170 388 1260 416 sum
1279 408 1289 423 ‚
1312 383 1516 436 corrupta
1536 388 1628 417 suni
1644 408 1655 427 ‚

286 438 453 484 desecta
486 455 579 483 sum
595 475 606 494 ‚
644 455 732 484 non
750 450 812 485 est
834 441 945 486 mihi
968 452 1182 487 servatum
1207 441 1393 487 liberum
1413 443 1655 489 arbitrium.

285 509 354 553 Tu
377 508 489 554 nosti
517 509 807 555 necessitatem
826 528 911 574 qua
934 529 1078 575 pressa
1099 527 1221 558 sunit
1249 528 1328 557 eur
1355 512 1465 557 mihi
1485 511 1664 557 vulnera

283 580 474 643 imputas
501 596 600 644 quae
619 581 818 644 suscepi?
845 582 992 638 Quare
1015 599 1068 628 ne
1103 583 1219 642 cogis
1248 582 1298 628 ad
1325 582 1626 646 poenitentiam
1649 619 1660 638 ‚

281 667 384 698 cum
407 662 455 697 tu
473 651 527 696 sis
552 668 678 697 eausa
702 651 928 699 vulnerum
955 671 1147 699 meorum
1164 691 1174 710 ,
1203 670 1303 699 eum
1340 664 1387 699 tu
1422 654 1529 699 scias
1565 669 1664 717 quae

279 739 405 785 passa
424 740 517 768 sum
532 760 542 772 ,
566 734 734 783 gentem
759 724 1037 771 tenebrarum
1071 727 1116 771 in
1141 743 1207 770 me
1226 724 1373 770 fecisse
1400 736 1440 770 te
1459 735 1634 770 auctore
1649 762 1660 779 ‚

279 794 356 857 qui
381 793 535 840 violari
560 811 647 840 non
687 806 888 858 poteras,
915 807 956 841 et
992 807 1134 842 tamen
1161 795 1308 842 volens
1339 812 1488 841 cavere
1526 795 1665 854 regnis

280 864 366 909 tuis
382 901 393 919 ‚
412 864 572 927 quibus
592 865 704 910 nihil
736 867 878 912 noceri
904 867 1039 930 possit
1055 904 1065 921 ‚
1090 884 1156 912 me
1176 867 1218 912 in
1244 866 1432 912 miserias
1450 865 1665 929 praeeipi-

278 935 408 980 tasti?
435 934 478 980 Si
500 946 615 980 certe
642 953 718 995 ego
739 954 838 1000 pars
865 948 934 983 tua
960 955 1081 984 sum.
1110 955 1209 1001 qua*
1231 937 1283 982 de
1316 937 1557 983 visceribus
1584 935 1666 981 tuis

280 1007 490 1069 processi,
518 1007 549 1052 si
573 1006 626 1052 de
649 1025 777 1067 regno
805 1019 876 1053 tuo
896 1020 935 1054 et
973 1009 1025 1054 de
1052 1027 1123 1054 ore
1147 1020 1248 1062 tuo;
1276 1010 1319 1054 in
1350 1009 1432 1053 liae
1453 1018 1576 1067 gente
1600 1018 1666 1051 u·-

277 1076 511 1122 nobrarum
533 1076 692 1141 aliquid
718 1080 807 1142 pati
829 1097 914 1125 non
937 1079 1095 1126 debui.
1133 1091 1180 1125 ut
1200 1097 1267 1125 me
1290 1080 1566 1142 incorrupta,
1590 1077 1667 1122 illa

279 1147 581 1206 subjiceretur,
605 1149 638 1194 si
658 1167 758 1212 pars
780 1168 897 1196 eram
923 1152 1112 1198 Domini.
1146 1152 1272 1197 Nunc
1296 1161 1437 1196 autem
1463 1166 1561 1194 cuin
1581 1147 1654 1193 illa

278 1219 508 1281 temperari
527 1237 613 1265 non
639 1232 781 1284 posset
800 1222 879 1267 nisi
908 1239 1000 1268 mea
1019 1223 1317 1286 corruptione,
1349 1219 1572 1285 quomodo
1593 1228 1669 1264 aut

277 1306 378 1352 pars
395 1300 470 1336 tua
484 1289 623 1347 dicor,
647 1303 720 1337 aut
738 1303 785 1338 tu
807 1293 1069 1339 inviolabilis
1097 1311 1242 1339 manes
1257 1331 1266 1349 ,
1285 1303 1360 1338 aut
1381 1309 1466 1337 non
1489 1307 1530 1336 es
1550 1307 1658 1335 eru-

275 1359 399 1416 delis,
436 1360 599 1424 quinne
623 1363 716 1425 pati
744 1363 919 1409 voluisti
950 1382 1031 1428 pro
1069 1364 1137 1409 his
1157 1365 1314 1424 regnis.
1349 1363 1510 1426 quibus
1548 1360 1665 1406 nihil

274 1432 421 1478 noceri
436 1443 604 1495 poterat
617 1434 672 1479 ab
688 1434 760 1480 illa
772 1446 895 1494 gente
910 1437 1187 1482 tenebrarum
1203 1438 1222 1482 P
1246 1435 1313 1482 Ad
1329 1435 1416 1480 hoc
1435 1432 1665 1497 responde,

278 1502 312 1547 si
335 1502 506 1565 placet:
530 1514 574 1549 et
596 1503 773 1564 dignare
810 1507 941 1552 etiam
971 1506 1083 1552 illud
1124 1506 1233 1551 mihi
1278 1520 1515 1569 exponere,
1553 1519 1668 1566 quo-

279 1574 413 1620 modo
436 1574 602 1621 dictum
622 1586 683 1621 est
706 1594 728 1621 a
750 1578 887 1624 Paulo
912 1577 1134 1642 apostolo:
1165 1599 1186 1618 «
1201 1578 1386 1622 Eramus
1415 1574 1670 1621 naturaliter

280 1667 303 1688 >›
326 1646 405 1692 filii
427 1648 521 1703 irae,
537 1667 557 1689 ›>
582 1664 690 1711 quos
715 1649 1015 1696 reconciliatos
1038 1650 1147 1695 dicit
1166 1650 1272 1696 Deo.
1304 1648 1348 1693 Si
1370 1664 1470 1707 ergo
1484 1657 1668 1692 natura-

280 1715 381 1762 liter
404 1716 482 1762 filii
506 1717 583 1763 irae
604 1729 749 1774 erant,
769 1719 994 1783 quomodo
1032 1720 1140 1766 dieis
1179 1718 1435 1765 naturaliter
1475 1717 1665 1762 animam

282 1787 418 1833 filiam
441 1804 527 1833 esse
547 1799 589 1833 et
613 1790 857 1852 portionem
885 1791 996 1836 Dei?

349 1858 481 1904 FonT.
512 1857 649 1904 dixit:
679 1881 699 1901 c<
720 1860 764 1906 Si
792 1861 1033 1907 seeundum
1063 1860 1253 1907 animam
1281 1859 1453 1906 dixisset
1489 1859 1672 1922 A'posto-

283 1927 349 1975 lus
363 1967 374 1985 ,
401 1929 522 1993 quod
551 1930 684 1976 simus
701 1932 957 1978 naturaliter
978 1933 1055 1978 filii
1075 1934 1174 1989 irae,
1195 1932 1376 1978 alienata
1397 1940 1503 1976 esset
1527 1929 1671 1975 anima

286 2017 359 2046 ore
374 2000 571 2064 Apostoli
588 2019 610 2046 a
626 2002 729 2048 Deo.
757 2002 812 2047 Et
832 2002 917 2048 hae
932 2002 1062 2049 modo
1076 2014 1123 2049 tu
1141 2003 1307 2048 ratione
1324 2000 1530 2056 ostendis,
1551 1999 1672 2062 quod

285 2071 430 2117 anima
448 2089 534 2117 non
555 2072 609 2118 sit
644 2073 725 2119 Dei
746 2091 757 2118 ε
782 2095 802 2115 κ
817 2074 931 2131 Quia
950 2073 1224 2129 naturaliter,
1251 2074 1395 2136 inquit
1411 2070 1644 2135 Apostolus
1659 2108 1670 2127 ‚

293 2161 316 2184 >2
339 2157 488 2188 sumus
514 2142 594 2188 filii
612 2143 688 2189 irae
704 2165 738 2190 ›>.
761 2145 807 2190 Si
834 2162 935 2192 vero
955 2145 1193 2191 secundum
1220 2145 1339 2209 quod
1354 2141 1684 2203 legetenebatur

285 2211 403 2259 idem
431 2214 664 2276 Apostolus
686 2232 733 2260 ex
767 2217 926 2262 semine
946 2217 1161 2273 Abrahae,
1202 2227 1250 2262 ut
1276 2218 1367 2279 ipse
1389 2222 1670 2269 contestatur,

287 2282 580 2330 descendens1
601 2303 611 2330 z
632 2296 800 2332 constat
819 2304 916 2333 eum
936 2288 1219 2352 corporaliter
1248 2286 1400 2332 dixisse
1416 2322 1426 2341 ,
1448 2299 1525 2329 nos
1545 2281 1675 2329 fuisse

284 2355 396 2402 filios
425 2356 516 2412 irae,
547 2357 659 2403 sieut
682 2369 724 2403 et
749 2369 940 2406 caeteros.
975 2360 1137 2406 Animae
1160 2376 1260 2406 vero
1290 2357 1578 2403 substantiam
1601 2375 1674 2403 os-

284 2428 426 2474 tendit
446 2429 565 2492 quod
577 2431 631 2476 sit
656 2448 702 2476 ex
727 2432 834 2488 Deo,
859 2443 900 2477 et
926 2434 1112 2478 animani
1138 2432 1260 2478 aliter
1278 2447 1366 2477 non
1388 2446 1513 2493 posse
1524 2446 1674 2476 recon-

279 2499 416 2547 ciliari
447 2501 550 2557 Dm,
582 2502 663 2548 nisi
702 2520 781 2567 per
810 2503 1061 2564 magistrum
1086 2505 1163 2569 qui
1202 2513 1263 2549 est
1294 2500 1495 2547 Christus
1529 2504 1663 2547 Jesus.

279 2569 510 2618 Interfecta
530 2573 645 2620 enim
670 2572 922 2634 inimicitia,
946 2575 1181 2623 videbatur
1205 2574 1347 2622 anima
1377 2571 1557 2634 indigna
1595 2589 1671 2619 ex-

329 2655 342 2679 ¹
357 2654 477 2700 EpheS.
502 2667 540 2696 ιι,
557 2658 588 2690 3.
