<?xml version="1.0" encoding="UTF-8"?>
<!DOCTYPE html PUBLIC "-//W3C//DTD XHTML 1.0 Transitional//EN"
    "http://www.w3.org/TR/xhtml1/DTD/xhtml1-transitional.dtd">
<html xmlns="http://www.w3.org/1999/xhtml" xml:lang="en" lang="en">
 <head>
  <title>
</title>
<meta http-equiv="Content-Type" content="text/html;charset=utf-8" />
  <meta name='ocr-system' content='tesseract 3.04.00' />
  <meta name='ocr-capabilities' content='ocr_page ocr_carea ocr_par ocr_line ocrx_word'/>
</head>
<body>
  <div class='ocr_page' id='page_1' title='image "./operaomniaaccura28auguuoft/operaomniaaccura28auguuoft_0174.png"; bbox 0 0 1795 3253; ppageno 0'>
   <div class='ocr_carea' id='block_1_1' title="bbox 322 254 1292 315">
    <p class='ocr_par' dir='ltr' id='par_1_1' title="bbox 322 254 1292 315">
     <span class='ocr_line' id='line_1_1' title="bbox 322 254 1292 315; baseline -0.007 -11"><span class='ocrx_word' id='word_1_1' title='bbox 322 254 409 315; x_wconf 67' lang='grc'>164</span> <span class='ocrx_word' id='word_1_2' title='bbox 735 268 767 299; x_wconf 86' lang='lat' dir='ltr'>s.</span> <span class='ocrx_word' id='word_1_3' title='bbox 814 267 1054 299; x_wconf 71' lang='lat' dir='ltr'>Arctsnm</span> <span class='ocrx_word' id='word_1_4' title='bbox 1092 267 1292 298; x_wconf 75' lang='lat'>131‘18001‘1</span> 
     </span>
    </p>
   </div>
   <div class='ocr_carea' id='block_1_2' title="bbox 312 434 1694 455">
    <p class='ocr_par' dir='ltr' id='par_1_2' title="bbox 312 434 1694 455">
     <span class='ocr_line' id='line_1_2' title="bbox 312 434 1694 455; baseline -0.004 -1"><span class='ocrx_word' id='word_1_5' title='bbox 312 436 492 455; x_wconf 56' lang='grc' dir='ltr'>ιῶδςιὶιιί</span> <span class='ocrx_word' id='word_1_6' title='bbox 496 436 1092 452; x_wconf 48' lang='grc' dir='ltr'>ιιιιιιιιιιιιιιιιιιιιιιιιιιιι</span> <span class='ocrx_word' id='word_1_7' title='bbox 1095 444 1098 445; x_wconf 32' lang='lat'><em>⁷</em></span> <span class='ocrx_word' id='word_1_8' title='bbox 1100 434 1694 450; x_wconf 46' lang='grc' dir='ltr'>ιιιιιιιιιιιιιιιιιιιιιιιιιιι</span> 
     </span>
    </p>
   </div>
   <div class='ocr_carea' id='block_1_3' title="bbox 847 561 1153 606">
    <p class='ocr_par' dir='ltr' id='par_1_3' title="bbox 847 561 1153 606">
     <span class='ocr_line' id='line_1_3' title="bbox 847 561 1153 606; baseline 0 -3"><span class='ocrx_word' id='word_1_9' title='bbox 847 562 1022 606; x_wconf 76' lang='lat' dir='ltr'>CAPtT</span> <span class='ocrx_word' id='word_1_10' title='bbox 1055 561 1153 605; x_wconf 75' lang='lat' dir='ltr'>XX.</span> 
     </span>
    </p>
   </div>
   <div class='ocr_carea' id='block_1_4' title="bbox 305 715 1691 2538">
    <p class='ocr_par' dir='ltr' id='par_1_4' title="bbox 305 715 1691 2538">
     <span class='ocr_line' id='line_1_4' title="bbox 374 715 1687 786; baseline -0.002 -17"><span class='ocrx_word' id='word_1_11' title='bbox 374 721 441 769; x_wconf 78' lang='lat' dir='ltr'>DE</span> <span class='ocrx_word' id='word_1_12' title='bbox 456 740 504 769; x_wconf 89' lang='lat' dir='ltr'>eo</span> <span class='ocrx_word' id='word_1_13' title='bbox 516 719 634 786; x_wconf 86' lang='lat' dir='ltr'>quod</span> <span class='ocrx_word' id='word_1_14' title='bbox 655 720 864 784; x_wconf 80' lang='lat' dir='ltr'>scriptum</span> <span class='ocrx_word' id='word_1_15' title='bbox 883 730 945 765; x_wconf 86' lang='lat' dir='ltr'>est</span> <span class='ocrx_word' id='word_1_16' title='bbox 963 719 1008 764; x_wconf 90' lang='lat' dir='ltr'>in</span> <span class='ocrx_word' id='word_1_17' title='bbox 1026 721 1137 778; x_wconf 82' lang='lat' dir='ltr'>Lege</span> <span class='ocrx_word' id='word_1_18' title='bbox 1161 736 1170 762; x_wconf 75' lang='grc' dir='ltr'><strong><em>ε</em></strong></span> <span class='ocrx_word' id='word_1_19' title='bbox 1197 740 1215 759; x_wconf 76' lang='grc' dir='ltr'><em>α</em></span> <span class='ocrx_word' id='word_1_20' title='bbox 1234 717 1278 763; x_wconf 86' lang='lat' dir='ltr'>Si</span> <span class='ocrx_word' id='word_1_21' title='bbox 1303 715 1623 765; x_wconf 75' lang='lat' dir='ltr'>ambulaveritis</span> <span class='ocrx_word' id='word_1_22' title='bbox 1642 720 1687 766; x_wconf 92' lang='lat' dir='ltr'>in</span> 
     </span>
     <span class='ocr_line' id='line_1_5' title="bbox 311 787 1688 855; baseline -0.002 -17"><span class='ocrx_word' id='word_1_23' title='bbox 311 810 333 833; x_wconf 88' lang='lat'>»</span> <span class='ocrx_word' id='word_1_24' title='bbox 355 794 484 853; x_wconf 80' lang='lat' dir='ltr'>Lege,</span> <span class='ocrx_word' id='word_1_25' title='bbox 509 803 550 838; x_wconf 87' lang='lat' dir='ltr'>et</span> <span class='ocrx_word' id='word_1_26' title='bbox 570 801 790 855; x_wconf 59' lang='lat' dir='ltr'>praecepta</span> <span class='ocrx_word' id='word_1_27' title='bbox 812 808 903 835; x_wconf 90' lang='lat' dir='ltr'>mea</span> <span class='ocrx_word' id='word_1_28' title='bbox 925 788 1229 843; x_wconf 66' lang='lat' dir='ltr'>custodieritis,</span> <span class='ocrx_word' id='word_1_29' title='bbox 1253 788 1369 833; x_wconf 85' lang='lat' dir='ltr'>dabo</span> <span class='ocrx_word' id='word_1_30' title='bbox 1387 787 1558 851; x_wconf 87' lang='lat' dir='ltr'>pluvias</span> <span class='ocrx_word' id='word_1_31' title='bbox 1576 800 1688 835; x_wconf 84' lang='lat' dir='ltr'>tem-</span> 
     </span>
     <span class='ocr_line' id='line_1_6' title="bbox 310 858 1689 926; baseline -0.001 -18"><span class='ocrx_word' id='word_1_32' title='bbox 310 882 332 902; x_wconf 90' lang='lat'>»</span> <span class='ocrx_word' id='word_1_33' title='bbox 355 879 460 926; x_wconf 90' lang='lat' dir='ltr'>pore</span> <span class='ocrx_word' id='word_1_34' title='bbox 482 879 583 917; x_wconf 78' lang='lat' dir='ltr'>suo,</span> <span class='ocrx_word' id='word_1_35' title='bbox 618 871 660 906; x_wconf 83' lang='lat' dir='ltr'>et</span> <span class='ocrx_word' id='word_1_36' title='bbox 696 860 911 923; x_wconf 77' lang='lat' dir='ltr'>producet</span> <span class='ocrx_word' id='word_1_37' title='bbox 950 871 1059 905; x_wconf 81' lang='lat' dir='ltr'>terra</span> <span class='ocrx_word' id='word_1_38' title='bbox 1094 858 1265 904; x_wconf 77' lang='lat' dir='ltr'>fructus</span> <span class='ocrx_word' id='word_1_39' title='bbox 1289 875 1414 913; x_wconf 82' lang='lat' dir='ltr'>suos,</span> <span class='ocrx_word' id='word_1_40' title='bbox 1445 869 1487 904; x_wconf 83' lang='lat' dir='ltr'>et</span> <span class='ocrx_word' id='word_1_41' title='bbox 1516 860 1689 906; x_wconf 87' lang='lat' dir='ltr'>arbores</span> 
     </span>
     <span class='ocr_line' id='line_1_7' title="bbox 307 928 1688 996; baseline 0.001 -20"><span class='ocrx_word' id='word_1_42' title='bbox 307 954 330 976; x_wconf 77' lang='lat'>2&gt;</span> <span class='ocrx_word' id='word_1_43' title='bbox 352 950 504 996; x_wconf 81' lang='lat' dir='ltr'>poma,</span> <span class='ocrx_word' id='word_1_44' title='bbox 532 943 573 976; x_wconf 85' lang='lat' dir='ltr'>et</span> <span class='ocrx_word' id='word_1_45' title='bbox 599 930 830 976; x_wconf 68' lang='lat' dir='ltr'>vindemizc</span> <span class='ocrx_word' id='word_1_46' title='bbox 862 941 948 975; x_wconf 46' lang='lat' dir='ltr'>tua*</span> <span class='ocrx_word' id='word_1_47' title='bbox 986 930 1192 974; x_wconf 76' lang='lat' dir='ltr'>messibus</span> <span class='ocrx_word' id='word_1_48' title='bbox 1225 928 1481 985; x_wconf 76' lang='lat' dir='ltr'>succedent,</span> <span class='ocrx_word' id='word_1_49' title='bbox 1512 941 1554 975; x_wconf 87' lang='lat' dir='ltr'>et</span> <span class='ocrx_word' id='word_1_50' title='bbox 1581 931 1688 977; x_wconf 85' lang='lat' dir='ltr'>satio</span> 
     </span>
     <span class='ocr_line' id='line_1_8' title="bbox 307 999 1685 1062; baseline 0.001 -17"><span class='ocrx_word' id='word_1_51' title='bbox 307 1025 329 1045; x_wconf 87' lang='lat'>»</span> <span class='ocrx_word' id='word_1_52' title='bbox 355 1001 581 1048; x_wconf 84' lang='lat' dir='ltr'>vindemiis</span> <span class='ocrx_word' id='word_1_53' title='bbox 601 1018 610 1045; x_wconf 77' lang='grc' dir='ltr'>ε</span> <span class='ocrx_word' id='word_1_54' title='bbox 630 1011 671 1045; x_wconf 85' lang='lat' dir='ltr'>et</span> <span class='ocrx_word' id='word_1_55' title='bbox 687 1000 1013 1051; x_wconf 83' lang='lat' dir='ltr'>saturabimini,</span> <span class='ocrx_word' id='word_1_56' title='bbox 1036 1010 1078 1044; x_wconf 83' lang='lat' dir='ltr'>et</span> <span class='ocrx_word' id='word_1_57' title='bbox 1102 999 1302 1044; x_wconf 80' lang='lat' dir='ltr'>sedebitis</span> <span class='ocrx_word' id='word_1_58' title='bbox 1321 1000 1361 1044; x_wconf 92' lang='lat' dir='ltr'>in</span> <span class='ocrx_word' id='word_1_59' title='bbox 1384 1017 1490 1062; x_wconf 84' lang='lat' dir='ltr'>pace</span> <span class='ocrx_word' id='word_1_60' title='bbox 1511 1001 1555 1045; x_wconf 91' lang='lat' dir='ltr'>in</span> <span class='ocrx_word' id='word_1_61' title='bbox 1578 1012 1685 1047; x_wconf 80' lang='lat' dir='ltr'>terra</span> 
     </span>
     <span class='ocr_line' id='line_1_9' title="bbox 307 1070 1690 1132; baseline 0.002 -17"><span class='ocrx_word' id='word_1_62' title='bbox 307 1083 490 1119; x_wconf 81' lang='lat' dir='ltr'>»vestra</span> <span class='ocrx_word' id='word_1_63' title='bbox 510 1109 520 1127; x_wconf 84' lang='lat'><strong>‚</strong></span> <span class='ocrx_word' id='word_1_64' title='bbox 562 1082 603 1116; x_wconf 88' lang='lat' dir='ltr'>et</span> <span class='ocrx_word' id='word_1_65' title='bbox 634 1070 880 1125; x_wconf 81' lang='lat' dir='ltr'>dormietis,</span> <span class='ocrx_word' id='word_1_66' title='bbox 909 1081 950 1114; x_wconf 85' lang='lat' dir='ltr'>et</span> <span class='ocrx_word' id='word_1_67' title='bbox 981 1087 1067 1115; x_wconf 90' lang='lat' dir='ltr'>non</span> <span class='ocrx_word' id='word_1_68' title='bbox 1101 1073 1181 1115; x_wconf 81' lang='lat' dir='ltr'>erit</span> <span class='ocrx_word' id='word_1_69' title='bbox 1209 1070 1285 1132; x_wconf 83' lang='lat' dir='ltr'>qui</span> <span class='ocrx_word' id='word_1_70' title='bbox 1320 1087 1393 1115; x_wconf 72' lang='lat' dir='ltr'>vos</span> <span class='ocrx_word' id='word_1_71' title='bbox 1421 1082 1574 1116; x_wconf 81' lang='lat' dir='ltr'>terreat</span> <span class='ocrx_word' id='word_1_72' title='bbox 1608 1090 1618 1117; x_wconf 76' lang='grc' dir='ltr'>ε</span> <span class='ocrx_word' id='word_1_73' title='bbox 1648 1082 1690 1118; x_wconf 84' lang='lat' dir='ltr'>et</span> 
     </span>
     <span class='ocr_line' id='line_1_10' title="bbox 305 1139 1690 1206; baseline 0.002 -22"><span class='ocrx_word' id='word_1_74' title='bbox 305 1163 327 1184; x_wconf 70' lang='grc' dir='ltr'>υ</span> <span class='ocrx_word' id='word_1_75' title='bbox 350 1142 530 1206; x_wconf 87' lang='lat' dir='ltr'>perdam</span> <span class='ocrx_word' id='word_1_76' title='bbox 548 1157 720 1186; x_wconf 90' lang='lat' dir='ltr'>omnem</span> <span class='ocrx_word' id='word_1_77' title='bbox 739 1139 929 1185; x_wconf 79' lang='lat' dir='ltr'>belluam</span> <span class='ocrx_word' id='word_1_78' title='bbox 947 1157 993 1185; x_wconf 79' lang='lat' dir='ltr'>ex</span> <span class='ocrx_word' id='word_1_79' title='bbox 1011 1151 1118 1185; x_wconf 77' lang='lat' dir='ltr'>terra</span> <span class='ocrx_word' id='word_1_80' title='bbox 1135 1150 1272 1185; x_wconf 50' lang='lat' dir='ltr'>restra</span> <span class='ocrx_word' id='word_1_81' title='bbox 1289 1160 1300 1193; x_wconf 77' lang='lat'><em>3</em></span> <span class='ocrx_word' id='word_1_82' title='bbox 1320 1151 1355 1184; x_wconf 80' lang='lat' dir='ltr'>el</span> <span class='ocrx_word' id='word_1_83' title='bbox 1374 1143 1690 1203; x_wconf 80' lang='lat' dir='ltr'>persequemini</span> 
     </span>
     <span class='ocr_line' id='line_1_11' title="bbox 307 1210 1688 1270; baseline 0.001 -15"><span class='ocrx_word' id='word_1_84' title='bbox 307 1235 329 1255; x_wconf 78' lang='lat'>›&gt;</span> <span class='ocrx_word' id='word_1_85' title='bbox 352 1212 552 1258; x_wconf 90' lang='lat' dir='ltr'>inimicos</span> <span class='ocrx_word' id='word_1_86' title='bbox 571 1221 732 1257; x_wconf 79' lang='lat' dir='ltr'>vestros</span> <span class='ocrx_word' id='word_1_87' title='bbox 753 1247 763 1266; x_wconf 83' lang='lat'>‚</span> <span class='ocrx_word' id='word_1_88' title='bbox 787 1221 827 1255; x_wconf 87' lang='lat' dir='ltr'>et</span> <span class='ocrx_word' id='word_1_89' title='bbox 848 1210 1005 1255; x_wconf 83' lang='lat' dir='ltr'>cadent</span> <span class='ocrx_word' id='word_1_90' title='bbox 1029 1221 1126 1256; x_wconf 81' lang='lat' dir='ltr'>ante</span> <span class='ocrx_word' id='word_1_91' title='bbox 1150 1228 1222 1256; x_wconf 55' lang='lat' dir='ltr'>x&#39;os</span> <span class='ocrx_word' id='word_1_92' title='bbox 1243 1211 1284 1255; x_wconf 92' lang='lat' dir='ltr'>in</span> <span class='ocrx_word' id='word_1_93' title='bbox 1311 1210 1454 1270; x_wconf 80' lang='lat' dir='ltr'>gladio</span> <span class='ocrx_word' id='word_1_94' title='bbox 1476 1229 1485 1255; x_wconf 79' lang='lat' dir='ltr'><em>z</em></span> <span class='ocrx_word' id='word_1_95' title='bbox 1516 1223 1557 1256; x_wconf 87' lang='lat' dir='ltr'>et</span> <span class='ocrx_word' id='word_1_96' title='bbox 1579 1213 1688 1258; x_wconf 85' lang='lat' dir='ltr'>inse-</span> 
     </span>
     <span class='ocr_line' id='line_1_12' title="bbox 308 1281 1688 1346; baseline 0.002 -21"><span class='ocrx_word' id='word_1_97' title='bbox 308 1305 330 1325; x_wconf 84' lang='grc'>»</span> <span class='ocrx_word' id='word_1_98' title='bbox 357 1292 547 1346; x_wconf 84' lang='lat' dir='ltr'>quentur</span> <span class='ocrx_word' id='word_1_99' title='bbox 564 1281 758 1344; x_wconf 88' lang='lat' dir='ltr'>quinque</span> <span class='ocrx_word' id='word_1_100' title='bbox 776 1297 823 1325; x_wconf 82' lang='lat' dir='ltr'>ex</span> <span class='ocrx_word' id='word_1_101' title='bbox 843 1281 967 1325; x_wconf 73' lang='lat' dir='ltr'>vobis</span> <span class='ocrx_word' id='word_1_102' title='bbox 994 1291 1168 1325; x_wconf 80' lang='lat' dir='ltr'>centum</span> <span class='ocrx_word' id='word_1_103' title='bbox 1188 1317 1198 1335; x_wconf 81' lang='grc'>,</span> <span class='ocrx_word' id='word_1_104' title='bbox 1234 1291 1274 1324; x_wconf 89' lang='lat' dir='ltr'>et</span> <span class='ocrx_word' id='word_1_105' title='bbox 1293 1291 1466 1326; x_wconf 87' lang='lat' dir='ltr'>centum</span> <span class='ocrx_word' id='word_1_106' title='bbox 1487 1300 1532 1327; x_wconf 83' lang='lat' dir='ltr'>ex</span> <span class='ocrx_word' id='word_1_107' title='bbox 1563 1283 1688 1328; x_wconf 74' lang='lat' dir='ltr'>vobis</span> 
     </span>
     <span class='ocr_line' id='line_1_13' title="bbox 308 1349 1690 1415; baseline 0.003 -21"><span class='ocrx_word' id='word_1_108' title='bbox 308 1374 331 1395; x_wconf 86' lang='lat'>))</span> <span class='ocrx_word' id='word_1_109' title='bbox 355 1361 668 1415; x_wconf 80' lang='lat' dir='ltr'>persequentur</span> <span class='ocrx_word' id='word_1_110' title='bbox 688 1349 837 1395; x_wconf 83' lang='lat' dir='ltr'>decem</span> <span class='ocrx_word' id='word_1_111' title='bbox 858 1349 1016 1403; x_wconf 84' lang='lat' dir='ltr'>millia,</span> <span class='ocrx_word' id='word_1_112' title='bbox 1040 1360 1081 1393; x_wconf 86' lang='lat' dir='ltr'>et</span> <span class='ocrx_word' id='word_1_113' title='bbox 1101 1349 1335 1394; x_wconf 82' lang='lat' dir='ltr'>concident</span> <span class='ocrx_word' id='word_1_114' title='bbox 1360 1350 1523 1396; x_wconf 77' lang='lat' dir='ltr'>inimici</span> <span class='ocrx_word' id='word_1_115' title='bbox 1562 1353 1690 1398; x_wconf 83' lang='lat' dir='ltr'>vestri</span> 
     </span>
     <span class='ocr_line' id='line_1_14' title="bbox 310 1419 1691 1479; baseline 0.002 -14"><span class='ocrx_word' id='word_1_116' title='bbox 310 1445 331 1465; x_wconf 86' lang='lat'>»</span> <span class='ocrx_word' id='word_1_117' title='bbox 353 1433 450 1468; x_wconf 85' lang='lat' dir='ltr'>ante</span> <span class='ocrx_word' id='word_1_118' title='bbox 471 1438 549 1468; x_wconf 70' lang='lat' dir='ltr'>vos</span> <span class='ocrx_word' id='word_1_119' title='bbox 575 1421 621 1466; x_wconf 88' lang='lat' dir='ltr'>in</span> <span class='ocrx_word' id='word_1_120' title='bbox 653 1419 798 1479; x_wconf 82' lang='lat' dir='ltr'>gladio</span> <span class='ocrx_word' id='word_1_121' title='bbox 821 1437 832 1463; x_wconf 90' lang='lat'>:</span> <span class='ocrx_word' id='word_1_122' title='bbox 861 1429 903 1464; x_wconf 93' lang='lat' dir='ltr'>et</span> <span class='ocrx_word' id='word_1_123' title='bbox 930 1420 1101 1465; x_wconf 63' lang='lat' dir='ltr'>veniam</span> <span class='ocrx_word' id='word_1_124' title='bbox 1121 1456 1132 1475; x_wconf 82' lang='grc'>,</span> <span class='ocrx_word' id='word_1_125' title='bbox 1160 1430 1201 1464; x_wconf 82' lang='lat' dir='ltr'>et</span> <span class='ocrx_word' id='word_1_126' title='bbox 1219 1419 1477 1465; x_wconf 84' lang='lat' dir='ltr'>benedicam</span> <span class='ocrx_word' id='word_1_127' title='bbox 1502 1439 1578 1467; x_wconf 86' lang='lat' dir='ltr'>vos</span> <span class='ocrx_word' id='word_1_128' title='bbox 1599 1460 1609 1476; x_wconf 85' lang='lat'><strong>‚</strong></span> <span class='ocrx_word' id='word_1_129' title='bbox 1650 1434 1691 1468; x_wconf 88' lang='lat' dir='ltr'>et</span> 
     </span>
     <span class='ocr_line' id='line_1_15' title="bbox 309 1488 1691 1554; baseline 0.002 -18"><span class='ocrx_word' id='word_1_130' title='bbox 309 1514 331 1536; x_wconf 71' lang='lat'>&gt;2</span> <span class='ocrx_word' id='word_1_131' title='bbox 349 1491 657 1554; x_wconf 83' lang='lat' dir='ltr'>multiplicabo</span> <span class='ocrx_word' id='word_1_132' title='bbox 671 1507 747 1536; x_wconf 85' lang='lat' dir='ltr'>vos</span> <span class='ocrx_word' id='word_1_133' title='bbox 764 1527 774 1545; x_wconf 79' lang='grc'><strong><em>,</em></strong></span> <span class='ocrx_word' id='word_1_134' title='bbox 803 1499 845 1534; x_wconf 85' lang='lat' dir='ltr'>ct</span> <span class='ocrx_word' id='word_1_135' title='bbox 868 1488 1097 1552; x_wconf 84' lang='lat' dir='ltr'>disponam</span> <span class='ocrx_word' id='word_1_136' title='bbox 1118 1506 1206 1536; x_wconf 83' lang='lat' dir='ltr'>vos.</span> <span class='ocrx_word' id='word_1_137' title='bbox 1234 1490 1274 1533; x_wconf 86' lang='lat' dir='ltr'><strong>M</strong></span> <span class='ocrx_word' id='word_1_138' title='bbox 1282 1489 1556 1537; x_wconf 86' lang='lat' dir='ltr'>anducabitis</span> <span class='ocrx_word' id='word_1_139' title='bbox 1570 1503 1691 1539; x_wconf 82' lang='lat' dir='ltr'>vetus</span> 
     </span>
     <span class='ocr_line' id='line_1_16' title="bbox 309 1560 1690 1627; baseline 0 -21"><span class='ocrx_word' id='word_1_140' title='bbox 309 1586 331 1606; x_wconf 86' lang='lat'>»</span> <span class='ocrx_word' id='word_1_141' title='bbox 356 1561 475 1627; x_wconf 88' lang='lat' dir='ltr'>quod</span> <span class='ocrx_word' id='word_1_142' title='bbox 507 1560 760 1606; x_wconf 67' lang='lat' dir='ltr'>inveteravit</span> <span class='ocrx_word' id='word_1_143' title='bbox 782 1596 792 1615; x_wconf 76' lang='grc'><em>,</em></span> <span class='ocrx_word' id='word_1_144' title='bbox 830 1570 872 1605; x_wconf 86' lang='lat' dir='ltr'>et</span> <span class='ocrx_word' id='word_1_145' title='bbox 898 1560 1133 1622; x_wconf 82' lang='lat' dir='ltr'>projicietis</span> <span class='ocrx_word' id='word_1_146' title='bbox 1157 1570 1279 1606; x_wconf 80' lang='lat' dir='ltr'>vetus</span> <span class='ocrx_word' id='word_1_147' title='bbox 1311 1571 1408 1606; x_wconf 84' lang='lat' dir='ltr'>ante</span> <span class='ocrx_word' id='word_1_148' title='bbox 1433 1579 1596 1608; x_wconf 89' lang='lat' dir='ltr'>novum</span> <span class='ocrx_word' id='word_1_149' title='bbox 1611 1563 1644 1610; x_wconf 70' lang='lat'>1.</span> <span class='ocrx_word' id='word_1_150' title='bbox 1671 1585 1690 1606; x_wconf 76' lang='grc' dir='ltr'><strong>υ</strong></span> 
     </span>
     <span class='ocr_line' id='line_1_17' title="bbox 313 1629 1689 1692; baseline -0.001 -12"><span class='ocrx_word' id='word_1_151' title='bbox 313 1635 338 1679; x_wconf 86' lang='lat' dir='ltr'>J</span> <span class='ocrx_word' id='word_1_152' title='bbox 345 1651 410 1679; x_wconf 89' lang='lat' dir='ltr'>am</span> <span class='ocrx_word' id='word_1_153' title='bbox 429 1632 644 1678; x_wconf 88' lang='lat' dir='ltr'>neminem</span> <span class='ocrx_word' id='word_1_154' title='bbox 671 1639 842 1692; x_wconf 80' lang='lat' dir='ltr'>oportet</span> <span class='ocrx_word' id='word_1_155' title='bbox 866 1629 1084 1691; x_wconf 86' lang='lat' dir='ltr'>postulare</span> <span class='ocrx_word' id='word_1_156' title='bbox 1117 1651 1139 1677; x_wconf 77' lang='lat' dir='ltr'>a</span> <span class='ocrx_word' id='word_1_157' title='bbox 1166 1630 1317 1685; x_wconf 77' lang='lat' dir='ltr'>nobis,</span> <span class='ocrx_word' id='word_1_158' title='bbox 1356 1642 1403 1676; x_wconf 83' lang='lat' dir='ltr'>nt</span> <span class='ocrx_word' id='word_1_159' title='bbox 1424 1631 1522 1677; x_wconf 72' lang='lat' dir='ltr'>haec</span> <span class='ocrx_word' id='word_1_160' title='bbox 1546 1644 1689 1679; x_wconf 86' lang='lat' dir='ltr'>osten-</span> 
     </span>
     <span class='ocr_line' id='line_1_18' title="bbox 313 1700 1684 1767; baseline 0 -17"><span class='ocrx_word' id='word_1_161' title='bbox 313 1705 469 1751; x_wconf 81' lang='lat' dir='ltr'>damus</span> <span class='ocrx_word' id='word_1_162' title='bbox 492 1719 626 1767; x_wconf 84' lang='lat' dir='ltr'>quam</span> <span class='ocrx_word' id='word_1_163' title='bbox 655 1711 942 1759; x_wconf 80' lang='lat' dir='ltr'>congruenter</span> <span class='ocrx_word' id='word_1_164' title='bbox 968 1700 1030 1745; x_wconf 91' lang='lat' dir='ltr'>illi</span> <span class='ocrx_word' id='word_1_165' title='bbox 1058 1701 1226 1764; x_wconf 84' lang='lat' dir='ltr'>populo</span> <span class='ocrx_word' id='word_1_166' title='bbox 1260 1702 1374 1746; x_wconf 85' lang='lat' dir='ltr'>Deus</span> <span class='ocrx_word' id='word_1_167' title='bbox 1405 1704 1650 1765; x_wconf 83' lang='lat' dir='ltr'>promiserit</span> <span class='ocrx_word' id='word_1_168' title='bbox 1674 1723 1684 1750; x_wconf 79' lang='lat' dir='ltr'><strong><em>z</em></strong></span> 
     </span>
     <span class='ocr_line' id='line_1_19' title="bbox 312 1769 1689 1833; baseline -0.001 -12"><span class='ocrx_word' id='word_1_169' title='bbox 312 1774 453 1821; x_wconf 84' lang='lat' dir='ltr'>multa</span> <span class='ocrx_word' id='word_1_170' title='bbox 475 1773 589 1818; x_wconf 90' lang='lat' dir='ltr'>enim</span> <span class='ocrx_word' id='word_1_171' title='bbox 615 1770 667 1815; x_wconf 89' lang='lat' dir='ltr'>de</span> <span class='ocrx_word' id='word_1_172' title='bbox 688 1770 773 1814; x_wconf 88' lang='lat' dir='ltr'>hac</span> <span class='ocrx_word' id='word_1_173' title='bbox 798 1786 842 1814; x_wconf 87' lang='lat' dir='ltr'>re</span> <span class='ocrx_word' id='word_1_174' title='bbox 866 1769 1050 1815; x_wconf 81' lang='lat' dir='ltr'>diximus</span> <span class='ocrx_word' id='word_1_175' title='bbox 1069 1808 1079 1826; x_wconf 79' lang='lat'>‚</span> <span class='ocrx_word' id='word_1_176' title='bbox 1108 1782 1149 1815; x_wconf 90' lang='lat' dir='ltr'>et</span> <span class='ocrx_word' id='word_1_177' title='bbox 1173 1771 1242 1815; x_wconf 85' lang='lat' dir='ltr'>cui</span> <span class='ocrx_word' id='word_1_178' title='bbox 1267 1788 1401 1833; x_wconf 77' lang='lat' dir='ltr'>parva</span> <span class='ocrx_word' id='word_1_179' title='bbox 1423 1783 1543 1829; x_wconf 81' lang='lat' dir='ltr'>sunt,</span> <span class='ocrx_word' id='word_1_180' title='bbox 1561 1775 1689 1820; x_wconf 88' lang='lat' dir='ltr'>nimis</span> 
     </span>
     <span class='ocr_line' id='line_1_20' title="bbox 312 1839 1691 1902; baseline -0.001 -12"><span class='ocrx_word' id='word_1_181' title='bbox 312 1844 464 1890; x_wconf 83' lang='lat' dir='ltr'>tardus</span> <span class='ocrx_word' id='word_1_182' title='bbox 484 1853 559 1888; x_wconf 86' lang='lat' dir='ltr'>est.</span> <span class='ocrx_word' id='word_1_183' title='bbox 587 1840 671 1885; x_wconf 86' lang='lat' dir='ltr'>Sed</span> <span class='ocrx_word' id='word_1_184' title='bbox 690 1850 834 1884; x_wconf 83' lang='lat' dir='ltr'>tamen</span> <span class='ocrx_word' id='word_1_185' title='bbox 857 1839 976 1902; x_wconf 86' lang='lat' dir='ltr'>quod</span> <span class='ocrx_word' id='word_1_186' title='bbox 994 1842 1121 1885; x_wconf 86' lang='lat' dir='ltr'>etiam</span> <span class='ocrx_word' id='word_1_187' title='bbox 1139 1840 1245 1885; x_wconf 82' lang='lat' dir='ltr'>huie</span> <span class='ocrx_word' id='word_1_188' title='bbox 1263 1840 1360 1886; x_wconf 90' lang='lat' dir='ltr'>loco</span> <span class='ocrx_word' id='word_1_189' title='bbox 1381 1841 1433 1886; x_wconf 85' lang='lat' dir='ltr'>de</span> <span class='ocrx_word' id='word_1_190' title='bbox 1452 1843 1575 1888; x_wconf 76' lang='lat' dir='ltr'>Novo</span> <span class='ocrx_word' id='word_1_191' title='bbox 1592 1845 1691 1889; x_wconf 84' lang='lat' dir='ltr'>Tes-</span> 
     </span>
     <span class='ocr_line' id='line_1_21' title="bbox 315 1909 1691 1977; baseline -0.001 -17"><span class='ocrx_word' id='word_1_192' title='bbox 315 1924 507 1960; x_wconf 82' lang='lat' dir='ltr'>tamento</span> <span class='ocrx_word' id='word_1_193' title='bbox 535 1912 690 1957; x_wconf 88' lang='lat' dir='ltr'>dicunt</span> <span class='ocrx_word' id='word_1_194' title='bbox 728 1926 815 1955; x_wconf 89' lang='lat' dir='ltr'>esse</span> <span class='ocrx_word' id='word_1_195' title='bbox 848 1910 1146 1964; x_wconf 80' lang='lat' dir='ltr'>contrarium3</span> <span class='ocrx_word' id='word_1_196' title='bbox 1195 1909 1302 1955; x_wconf 90' lang='lat' dir='ltr'>illud</span> <span class='ocrx_word' id='word_1_197' title='bbox 1340 1911 1541 1958; x_wconf 76' lang='lat' dir='ltr'>videlicet</span> <span class='ocrx_word' id='word_1_198' title='bbox 1571 1913 1691 1977; x_wconf 87' lang='lat' dir='ltr'>quod</span> 
     </span>
     <span class='ocr_line' id='line_1_22' title="bbox 314 1979 1687 2044; baseline -0.001 -14"><span class='ocrx_word' id='word_1_199' title='bbox 314 1984 530 2030; x_wconf 86' lang='lat' dir='ltr'>Dominus</span> <span class='ocrx_word' id='word_1_200' title='bbox 554 1983 612 2028; x_wconf 88' lang='lat' dir='ltr'>ait</span> <span class='ocrx_word' id='word_1_201' title='bbox 641 1999 651 2025; x_wconf 71' lang='grc' dir='ltr'>ε</span> <span class='ocrx_word' id='word_1_202' title='bbox 681 2001 701 2020; x_wconf 71' lang='lat' dir='ltr'>c&lt;</span> <span class='ocrx_word' id='word_1_203' title='bbox 720 1979 863 2024; x_wconf 85' lang='lat' dir='ltr'>Nolite</span> <span class='ocrx_word' id='word_1_204' title='bbox 881 1990 1054 2043; x_wconf 84' lang='lat' dir='ltr'>portare</span> <span class='ocrx_word' id='word_1_205' title='bbox 1079 1997 1232 2026; x_wconf 87' lang='lat' dir='ltr'>aurum</span> <span class='ocrx_word' id='word_1_206' title='bbox 1250 2018 1261 2037; x_wconf 83' lang='lat'><strong><em>‚</em></strong></span> <span class='ocrx_word' id='word_1_207' title='bbox 1282 1998 1421 2044; x_wconf 87' lang='lat' dir='ltr'>neque</span> <span class='ocrx_word' id='word_1_208' title='bbox 1447 1994 1687 2042; x_wconf 82' lang='lat' dir='ltr'>argentum,</span> 
     </span>
     <span class='ocr_line' id='line_1_23' title="bbox 316 2049 1691 2117; baseline 0.001 -20"><span class='ocrx_word' id='word_1_209' title='bbox 316 2075 339 2097; x_wconf 74' lang='lat'>³)</span> <span class='ocrx_word' id='word_1_210' title='bbox 362 2070 501 2117; x_wconf 86' lang='lat' dir='ltr'>neque</span> <span class='ocrx_word' id='word_1_211' title='bbox 524 2067 724 2098; x_wconf 83' lang='lat' dir='ltr'>nummos</span> <span class='ocrx_word' id='word_1_212' title='bbox 743 2066 789 2094; x_wconf 89' lang='lat' dir='ltr'>m</span> <span class='ocrx_word' id='word_1_213' title='bbox 810 2050 927 2095; x_wconf 87' lang='lat' dir='ltr'>zonis</span> <span class='ocrx_word' id='word_1_214' title='bbox 943 2049 1117 2105; x_wconf 76' lang='lat' dir='ltr'>vestris,</span> <span class='ocrx_word' id='word_1_215' title='bbox 1140 2066 1228 2096; x_wconf 89' lang='lat' dir='ltr'>non</span> <span class='ocrx_word' id='word_1_216' title='bbox 1251 2067 1400 2113; x_wconf 80' lang='lat' dir='ltr'>peram</span> <span class='ocrx_word' id='word_1_217' title='bbox 1418 2051 1464 2097; x_wconf 90' lang='lat' dir='ltr'>in</span> <span class='ocrx_word' id='word_1_218' title='bbox 1489 2053 1557 2099; x_wconf 82' lang='lat' dir='ltr'>via</span> <span class='ocrx_word' id='word_1_219' title='bbox 1573 2091 1583 2110; x_wconf 88' lang='lat'>‚</span> <span class='ocrx_word' id='word_1_220' title='bbox 1610 2071 1691 2099; x_wconf 79' lang='lat' dir='ltr'>ne-</span> 
     </span>
     <span class='ocr_line' id='line_1_24' title="bbox 318 2119 1687 2187; baseline 0.001 -20"><span class='ocrx_word' id='word_1_221' title='bbox 318 2145 341 2167; x_wconf 83' lang='lat'>»</span> <span class='ocrx_word' id='word_1_222' title='bbox 362 2141 447 2187; x_wconf 85' lang='lat' dir='ltr'>que</span> <span class='ocrx_word' id='word_1_223' title='bbox 471 2123 578 2169; x_wconf 82' lang='lat' dir='ltr'>duas</span> <span class='ocrx_word' id='word_1_224' title='bbox 598 2120 767 2167; x_wconf 85' lang='lat' dir='ltr'>tunicas</span> <span class='ocrx_word' id='word_1_225' title='bbox 783 2156 794 2175; x_wconf 83' lang='lat'>‚</span> <span class='ocrx_word' id='word_1_226' title='bbox 822 2136 962 2182; x_wconf 84' lang='lat' dir='ltr'>neque</span> <span class='ocrx_word' id='word_1_227' title='bbox 985 2119 1274 2165; x_wconf 84' lang='lat' dir='ltr'>calceamenta</span> <span class='ocrx_word' id='word_1_228' title='bbox 1291 2158 1301 2176; x_wconf 83' lang='lat'>,</span> <span class='ocrx_word' id='word_1_229' title='bbox 1329 2138 1467 2184; x_wconf 89' lang='lat' dir='ltr'>neque</span> <span class='ocrx_word' id='word_1_230' title='bbox 1489 2123 1655 2183; x_wconf 81' lang='lat' dir='ltr'>virgam</span> <span class='ocrx_word' id='word_1_231' title='bbox 1676 2143 1687 2177; x_wconf 91' lang='lat'>;</span> 
     </span>
     <span class='ocr_line' id='line_1_25' title="bbox 319 2190 1690 2254; baseline 0.002 -18"><span class='ocrx_word' id='word_1_232' title='bbox 319 2215 341 2236; x_wconf 84' lang='lat'>»</span> <span class='ocrx_word' id='word_1_233' title='bbox 363 2194 518 2253; x_wconf 85' lang='lat' dir='ltr'>dignus</span> <span class='ocrx_word' id='word_1_234' title='bbox 537 2202 599 2237; x_wconf 85' lang='lat' dir='ltr'>est</span> <span class='ocrx_word' id='word_1_235' title='bbox 614 2191 728 2237; x_wconf 89' lang='lat' dir='ltr'>enim</span> <span class='ocrx_word' id='word_1_236' title='bbox 753 2191 976 2252; x_wconf 87' lang='lat' dir='ltr'>operarius</span> <span class='ocrx_word' id='word_1_237' title='bbox 1002 2190 1199 2236; x_wconf 84' lang='lat' dir='ltr'>mercede</span> <span class='ocrx_word' id='word_1_238' title='bbox 1213 2191 1313 2236; x_wconf 79' lang='lat' dir='ltr'>sua2</span> <span class='ocrx_word' id='word_1_239' title='bbox 1333 2209 1342 2235; x_wconf 91' lang='lat'>:</span> <span class='ocrx_word' id='word_1_240' title='bbox 1365 2212 1383 2232; x_wconf 81' lang='lat'>›)</span> <span class='ocrx_word' id='word_1_241' title='bbox 1406 2191 1512 2254; x_wconf 86' lang='lat' dir='ltr'>quid</span> <span class='ocrx_word' id='word_1_242' title='bbox 1531 2193 1690 2239; x_wconf 87' lang='lat' dir='ltr'>mirum</span> 
     </span>
     <span class='ocr_line' id='line_1_26' title="bbox 319 2259 1690 2325; baseline -0.001 -15"><span class='ocrx_word' id='word_1_243' title='bbox 319 2265 353 2310; x_wconf 93' lang='lat' dir='ltr'>si</span> <span class='ocrx_word' id='word_1_244' title='bbox 376 2264 474 2309; x_wconf 82' lang='lat' dir='ltr'>haec</span> <span class='ocrx_word' id='word_1_245' title='bbox 494 2261 774 2322; x_wconf 75' lang='lat' dir='ltr'>Evangelistis</span> <span class='ocrx_word' id='word_1_246' title='bbox 791 2259 1050 2307; x_wconf 60' lang='lat' dir='ltr'>donaverit?</span> <span class='ocrx_word' id='word_1_247' title='bbox 1078 2261 1305 2325; x_wconf 87' lang='lat' dir='ltr'>Numquid</span> <span class='ocrx_word' id='word_1_248' title='bbox 1329 2262 1374 2306; x_wconf 92' lang='lat' dir='ltr'>in</span> <span class='ocrx_word' id='word_1_249' title='bbox 1391 2262 1476 2307; x_wconf 86' lang='lat' dir='ltr'>boc</span> <span class='ocrx_word' id='word_1_250' title='bbox 1494 2264 1690 2309; x_wconf 84' lang='lat' dir='ltr'>ministe-</span> 
     </span>
     <span class='ocr_line' id='line_1_27' title="bbox 318 2331 1690 2398; baseline 0.001 -19"><span class='ocrx_word' id='word_1_251' title='bbox 318 2335 434 2379; x_wconf 80' lang='lat' dir='ltr'>rium</span> <span class='ocrx_word' id='word_1_252' title='bbox 462 2332 656 2398; x_wconf 87' lang='lat' dir='ltr'>populus</span> <span class='ocrx_word' id='word_1_253' title='bbox 686 2331 895 2377; x_wconf 80' lang='lat' dir='ltr'>Juda&#39;icus</span> <span class='ocrx_word' id='word_1_254' title='bbox 925 2331 1195 2376; x_wconf 64' lang='lat' dir='ltr'>vocabatur?</span> <span class='ocrx_word' id='word_1_255' title='bbox 1235 2332 1348 2387; x_wconf 81' lang='lat' dir='ltr'>Quae</span> <span class='ocrx_word' id='word_1_256' title='bbox 1376 2342 1516 2378; x_wconf 85' lang='lat' dir='ltr'>tamen</span> <span class='ocrx_word' id='word_1_257' title='bbox 1547 2333 1690 2379; x_wconf 89' lang='lat' dir='ltr'>omnia</span> 
     </span>
     <span class='ocr_line' id='line_1_28' title="bbox 318 2401 1690 2467; baseline 0.001 -18"><span class='ocrx_word' id='word_1_258' title='bbox 318 2404 571 2467; x_wconf 83' lang='lat' dir='ltr'>spiritaliter</span> <span class='ocrx_word' id='word_1_259' title='bbox 594 2401 907 2466; x_wconf 82' lang='lat' dir='ltr'>perscrutanda</span> <span class='ocrx_word' id='word_1_260' title='bbox 929 2411 1050 2457; x_wconf 69' lang='lat' dir='ltr'>sunt,</span> <span class='ocrx_word' id='word_1_261' title='bbox 1075 2420 1126 2447; x_wconf 85' lang='lat' dir='ltr'>ne</span> <span class='ocrx_word' id='word_1_262' title='bbox 1149 2403 1240 2465; x_wconf 83' lang='lat' dir='ltr'>ipse</span> <span class='ocrx_word' id='word_1_263' title='bbox 1268 2403 1476 2448; x_wconf 80' lang='lat' dir='ltr'>Dominus</span> <span class='ocrx_word' id='word_1_264' title='bbox 1495 2403 1690 2450; x_wconf 89' lang='lat' dir='ltr'>homini—</span> 
     </span>
     <span class='ocr_line' id='line_1_29' title="bbox 314 2470 1689 2538; baseline 0.001 -18"><span class='ocrx_word' id='word_1_265' title='bbox 314 2474 400 2520; x_wconf 81' lang='lat' dir='ltr'>·bus</span> <span class='ocrx_word' id='word_1_266' title='bbox 419 2473 564 2538; x_wconf 88' lang='lat' dir='ltr'>impiis</span> <span class='ocrx_word' id='word_1_267' title='bbox 583 2483 733 2519; x_wconf 83' lang='lat' dir='ltr'>contra</span> <span class='ocrx_word' id='word_1_268' title='bbox 747 2488 820 2518; x_wconf 87' lang='lat' dir='ltr'>sua</span> <span class='ocrx_word' id='word_1_269' title='bbox 839 2483 1059 2535; x_wconf 82' lang='lat' dir='ltr'>praecepta</span> <span class='ocrx_word' id='word_1_270' title='bbox 1073 2472 1218 2518; x_wconf 79' lang='lat' dir='ltr'>fecisse</span> <span class='ocrx_word' id='word_1_271' title='bbox 1233 2470 1448 2530; x_wconf 84' lang='lat' dir='ltr'>videatur,</span> <span class='ocrx_word' id='word_1_272' title='bbox 1469 2474 1544 2537; x_wconf 85' lang='lat' dir='ltr'>qui</span> <span class='ocrx_word' id='word_1_273' title='bbox 1561 2475 1689 2521; x_wconf 81' lang='lat' dir='ltr'>etiam</span> 
     </span>
    </p>
   </div>
   <div class='ocr_carea' id='block_1_5' title="bbox 362 2571 1106 2615">
    <p class='ocr_par' dir='ltr' id='par_1_5' title="bbox 362 2571 1106 2615">
     <span class='ocr_line' id='line_1_30' title="bbox 362 2571 1106 2615; baseline 0.004 -11"><span class='ocrx_word' id='word_1_274' title='bbox 362 2574 373 2596; x_wconf 77' lang='lat'>¹</span> <span class='ocrx_word' id='word_1_275' title='bbox 391 2573 490 2606; x_wconf 76' lang='lat' dir='ltr'>Levit.</span> <span class='ocrx_word' id='word_1_276' title='bbox 505 2583 592 2615; x_wconf 81' lang='lat' dir='ltr'>xxvt,</span> <span class='ocrx_word' id='word_1_277' title='bbox 612 2575 701 2606; x_wconf 81' lang='lat'>3-10.</span> <span class='ocrx_word' id='word_1_278' title='bbox 724 2590 766 2598; x_wconf 88' lang='lat'>-—</span> <span class='ocrx_word' id='word_1_279' title='bbox 781 2571 796 2595; x_wconf 75' lang='lat'>²</span> <span class='ocrx_word' id='word_1_280' title='bbox 817 2572 935 2606; x_wconf 73' lang='lat' dir='ltr'>Manh.</span> <span class='ocrx_word' id='word_1_281' title='bbox 957 2584 971 2604; x_wconf 80' lang='lat' dir='ltr'>x</span> <span class='ocrx_word' id='word_1_282' title='bbox 1003 2586 1034 2614; x_wconf 80' lang='grc'>9,</span> <span class='ocrx_word' id='word_1_283' title='bbox 1060 2585 1106 2607; x_wconf 86' lang='lat'>10.</span> 
     </span>
    </p>
   </div>
  </div>
 </body>
</html>
