1795 3253
303 257 391 304 27¹2
723 254 759 286 S.
801 254 1046 287 AUGUSTINI
1083 255 1287 288 EPISCOPI

302 323 436 367 ssuam
469 319 643 366 sabbati
677 321 971 368 cessationem.
1004 321 1181 377 Quanto
1217 322 1369 386 utique
1399 322 1560 376 sanius,
1596 340 1684 371 non

299 391 439 436 solum
461 408 555 436 eam
588 408 676 436 non
699 392 1072 455 reprehenderetis
1092 393 1135 437 in
1158 393 1382 450 Patribus,
1407 394 1586 458 quando
1610 412 1685 441 su-

302 462 468 525 pcrssua
488 479 575 507 non
600 461 710 516 fuit3
737 463 810 508 sed
835 464 963 509 etiam
993 481 1129 519 nunc,
1161 464 1337 526 quando
1351 468 1443 524 jam
1466 466 1685 528 superflua

300 543 378 587 est,
418 533 557 595 ipsam
594 532 742 594 potius
787 534 998 586 teneretis,
1038 550 1171 596 quam
1207 533 1332 578 istam
1369 545 1555 581 vestram
1596 553 1684 581 non

299 603 613 662 significatione
625 604 957 666 acceptabilem,
971 604 1043 649 sed
1059 620 1201 649 errore
1214 604 1509 650 damnabilem
1524 626 1535 659 3
1551 623 1683 669 quam

300 675 428 719 etiam
453 692 539 719 non
558 673 782 737 implendo
801 676 859 721 rei
879 677 975 720 estis
1000 674 1239 720 seeundum
1262 675 1511 737 opinionem
1532 688 1683 723 vestrae

300 745 518 795 vanitatis,
550 755 592 790 et
626 745 850 808 implendo
878 747 977 791 vani
1008 745 1244 790 secundum
1271 745 1491 804 judicium
1521 747 1685 794 verita-

302 817 351 861 tis
362 820 379 862 ζ)
401 816 544 862 dicitis
567 816 680 861 enim
708 816 901 861 dolorem
926 817 1079 860 sentire
1098 816 1307 866 fructum,
1332 832 1432 860 cuin
1456 816 1510 861 de
1528 817 1684 863 arbore

299 888 512 950 carpitur,
543 887 698 932 sentire
724 904 823 931 cum
849 885 1115 933 conciditur.
1144 903 1242 931 cum
1274 886 1442 942 teritur,
1476 903 1577 931 cum
1602 904 1682 933 co-

298 959 467 1022 quitur,
492 976 591 1003 cum
617 957 855 1004 manditur.
889 958 987 1003 Non
1008 974 1107 1017 ergo
1132 956 1341 1002 debuistis
1367 957 1480 1002 vesei
1500 957 1579 1003 nisi
1602 959 1678 1015 eis,

299 1046 400 1092 qua*
421 1029 556 1074 cruda
578 1039 618 1074 et
641 1028 773 1074 illaesa
794 1039 975 1091 possunt
999 1027 1278 1076 transvorari.
1308 1037 1355 1072 ut.
1377 1044 1513 1072 unum
1533 1027 1680 1074 saltem

300 1100 493 1145 dolorem
530 1117 630 1145 eum
665 1100 986 1162 decerpuntur,
1020 1117 1107 1144 non
1144 1117 1166 1144 a
1199 1098 1348 1154 tobis,
1385 1098 1505 1143 seda
1534 1100 1681 1144 vestris

300 1170 586 1217 Auditoribus
610 1180 875 1233 paterentur.

366 1241 449 1287 Sed
483 1241 645 1295 dicitis,
679 1240 901 1303 quomodo
939 1240 1218 1285 subvenimus
1248 1250 1382 1286 tantae
1411 1241 1533 1296 vitae,
1566 1240 1599 1285 si
1633 1257 1681 1286 ea

298 1323 467 1358 tantum
495 1311 787 1366 absumimus,
815 1327 915 1373 quae
941 1310 1111 1355 incocta
1143 1321 1185 1355 et
1214 1310 1360 1356 mollia
1387 1323 1569 1375 possunt
1596 1312 1680 1356 ab-

297 1385 459 1430 sorberi
474 1387 491 1429 Ῥ
531 1384 575 1428 Si
615 1399 715 1442 ergo
751 1383 829 1427 ista
865 1382 1217 1445 compensatione
1256 1393 1341 1428 tam
1376 1384 1535 1429 multos
1570 1383 1680 1429 cibis

297 1456 444 1503 restris
475 1455 642 1501 dolores
665 1454 862 1514 infligitis
880 1491 890 1508 ,
926 1471 1005 1499 cur
1036 1454 1092 1498 ab
1121 1454 1195 1499 illo
1220 1454 1309 1499 solo
1337 1455 1583 1511 abstinetis,
1625 1455 1680 1500 ad

294 1545 423 1590 quem
459 1526 640 1571 maxime
672 1525 752 1570 ista
783 1525 1011 1570 necessitas
1035 1525 1177 1584 cogit?
1206 1525 1315 1570 Nam
1346 1525 1514 1571 fruetus
1537 1537 1680 1589 potest

295 1610 337 1644 et
367 1598 530 1643 crudus
565 1596 751 1651 comedi,
781 1596 892 1641 sicut
916 1613 957 1640 se
986 1595 1182 1640 nonnulli
1217 1596 1346 1641 vestri
1379 1609 1674 1651 exercuerunt,

296 1680 345 1715 ut
372 1669 458 1714 boc
489 1685 577 1714 non
611 1678 780 1712 tantum
806 1666 860 1712 de
886 1666 1046 1730 pomis,
1075 1668 1358 1712 verumetiam
1389 1667 1442 1712 de
1475 1668 1679 1713 omnibus

295 1740 484 1786 oleribus
513 1739 717 1784 facerent.
744 1738 789 1783 Si
813 1748 955 1783 autem
985 1754 1072 1781 non
1093 1736 1296 1789 vellatur,
1330 1748 1405 1783 aut
1428 1738 1674 1792 decidatur,

296 1822 370 1857 aut
389 1826 566 1874 quoquo
588 1808 717 1853 modo
738 1806 939 1853 dematur
959 1824 1004 1851 ex
1026 1817 1136 1851 terra
1162 1806 1227 1853 vel
1253 1808 1425 1864 arbore,
1452 1809 1597 1853 venire
1622 1808 1677 1853 ad

293 1899 434 1928 escam
458 1879 580 1926 nullo
602 1889 732 1942 pacto
755 1889 913 1942 potest.
944 1879 1040 1923 IIoc
1070 1895 1170 1937 ergo
1188 1878 1312 1923 facile
1330 1878 1483 1924 debuit
1502 1897 1589 1924 esse
1608 1897 1677 1925 ve-

293 1952 424 2007 niale,
453 1951 543 1996 sine
566 1966 653 2013 quo
685 1949 723 1995 ei
748 1949 979 1995 subvenire
1011 1965 1099 1993 non
1123 1948 1350 2002 valeretis3
1376 1966 1464 1994 non
1493 1949 1553 1994 illi
1591 1960 1675 1995 tam

292 2022 419 2069 multi
438 2020 675 2075 cruciatus,
704 2036 812 2082 quos
830 2020 874 2065 in
895 2017 1198 2083 praeparandis
1224 2019 1346 2074 escis,
1368 2019 1573 2065 membris
1598 2020 1675 2065 Dei

293 2094 423 2140 vestri
449 2110 536 2138 non
562 2090 775 2136 dubitatis
806 2090 976 2136 inferre.
1011 2091 1068 2135 At
1094 2089 1208 2134 enim
1233 2089 1376 2153 plorat
1401 2091 1549 2147 arbor,
1574 2108 1675 2138 cum

291 2166 461 2211 fructus
499 2163 729 2225 carpitur:
756 2162 844 2207 boc
885 2162 1053 2225 quippe
1091 2160 1234 2206 dicere
1276 2178 1363 2207 non
1403 2162 1667 2209 erubescitis.

293 2239 419 2283 Certe
444 2234 569 2280 novit
596 2234 742 2278 omnia
767 2234 856 2278 vita
881 2250 981 2296 quae
1002 2232 1064 2278 ibi
1085 2242 1163 2287 est,
1188 2242 1229 2277 et
1253 2232 1479 2295 praesentit
1497 2232 1595 2295 quis
1618 2232 1673 2278 ad

289 2327 383 2355 eam
409 2307 565 2354 veniat.
605 2304 889 2349 Venientibus
913 2321 1013 2363 ergo
1051 2303 1226 2358 ElectiS,
1256 2314 1297 2348 et
1327 2320 1460 2366 poma
1484 2320 1672 2366 carpen-

289 2381 425 2434 tibus,
459 2375 644 2437 gaudere
679 2374 850 2429 debuit,
885 2392 971 2420 non
1002 2373 1343 2437 plorare-:illum
1376 2373 1673 2419 transitorium

288 2450 480 2497 dolorem
510 2455 628 2492 tanta
657 2444 861 2490 felicitate
885 2460 1188 2507 compensans,
1221 2454 1262 2489 et
1291 2453 1459 2488 tantam
1485 2442 1672 2489 evadens

286 2519 521 2574 miseriam,
550 2516 584 2562 si
610 2515 655 2561 in
688 2514 792 2561 alios
820 2514 1055 2561 incidisset.
1084 2514 1177 2559 Cur
1204 2514 1350 2578 itaque
1376 2530 1561 2577 pomum
1582 2530 1671 2559 non

287 2588 542 2654 decerpitis,
571 2602 673 2634 cum
701 2585 907 2650 decerpto
932 2595 1020 2633 tam
1046 2583 1204 2633 multas
1230 2583 1380 2650 plagas
1411 2583 1670 2649 doloresque
