1795 3253
270 269 444 302 CONTRA
478 268 677 299 FAUSTUM
713 268 1142 310 MANICHAEUM„LIB.
1183 273 1257 303 XX.
1363 259 1457 322 529

88 335 268 396 dignum
289 346 409 391 erat,
434 333 714 398 prophetiam
742 333 1023 379 celebrabant
1046 334 1209 382 futurae
1237 338 1428 384 victimae
1445 376 1456 395 ‚

88 424 220 471 quam
243 406 444 452 Christus
462 403 771 451 obtulit.Unde
789 407 882 463 jam
906 405 1142 451 Christiani
1162 408 1329 470 peracti
1346 413 1463 468 ejus-

91 476 191 522 dem
205 475 406 521 sacrificii
429 474 679 520 memoriam
693 473 939 527 celebrant,
958 488 1230 522 sacrosancta
1247 478 1467 523 oblatione

92 557 134 592 et
152 546 489 610 participatione
513 544 708 607 corporis
724 554 766 589 et
786 545 1006 603 sanguinis
1023 546 1203 593 Christi.
1230 548 1470 593 Manichaei

93 633 195 662 vero
229 615 464 661 nescientes
487 614 595 677 quid
620 613 921 659 damnandum
947 614 1001 659 sit
1035 615 1076 659 in
1101 617 1323 661 sacrificiis
1351 618 1473 662 Cen-

97 686 209 731 tium
225 722 236 741 ‚
260 695 302 730 et
321 684 428 748 quid
456 683 787 742 intelligendum
820 684 866 728 in
887 684 1121 729 >sacrifieiis
1150 686 1437 731 Hebraeorum
1459 724 1470 741 ‚

96 765 138 801 et
160 754 268 818 quid
287 754 523 800 tenendum
558 753 626 799 vel
654 753 975 799 observandum
1010 755 1054 798 in
1078 755 1290 801 sacrificio
1320 757 1477 801 Chris-

97 826 316 871 tianorum
333 862 345 881 ‚
365 825 600 870 vanitatem
626 840 747 868 suam
768 841 934 869 sacrum
957 826 1141 869 offerunt
1161 825 1338 871 diabolo
1362 864 1372 881 ‚
1402 827 1476 889 qui

97 912 168 940 eos
191 894 388 957 decepit,
419 894 664 939 recedentes
686 911 707 937 a
727 893 834 949 fide,
867 894 1136 939 intendentes
1157 896 1386 957 spiritibus
1411 915 1479 940 se-

99 965 359 1011 ductoribus
379 974 420 1009 et
444 963 654 1009 doctrinis
681 962 999 1009 daemoniorum
1030 964 1074 1009 in
1100 964 1327 1028 hypocrisi
1356 983 1481 1010 men—

102 1033 482 1098 daciloquoruni¹.

164 1105 288 1151 XIX.
330 1104 484 1149 Discat
507 1120 606 1162 ergo
626 1105 807 1148 Faustus
822 1139 832 1159 ,
858 1103 926 1149 vel
942 1103 1089 1166 potius
1109 1103 1170 1149 illi
1197 1104 1272 1167 qui
1298 1108 1388 1164 ejus
1406 1105 1482 1150 lit-

103 1174 204 1219 teris
229 1173 517 1228 delectantur‚
542 1173 810 1217 monarchiae
829 1173 1076 1235 opinionem
1097 1190 1183 1218 non
1203 1191 1250 1218 ex
1269 1174 1485 1220 Gentibus

101 1260 182 1290 nos
208 1243 399 1297 habere3
431 1242 503 1287 sed
530 1244 688 1287 Gentes
711 1260 798 1287 non
826 1259 961 1305 usque
994 1243 1099 1288 adeo
1131 1244 1185 1289 ad
1219 1243 1349 1289 falsos
1382 1244 1485 1290 deos

102 1329 189 1358 esse
209 1311 408 1375 delapsas
423 1349 434 1366 ‚
468 1323 515 1357 ut
543 1312 795 1374 opinionem
827 1313 1072 1357 amitterent
1101 1313 1228 1358 unius
1252 1314 1342 1358 veri
1366 1314 1447 1359 Dei
1468 1351 1479 1370 ‚

104 1399 155 1428 ex
180 1398 267 1445 quo
286 1392 348 1427 est
372 1381 512 1427 omnis
535 1381 865 1444 qualiscumque
885 1393 1053 1428 natura.
1086 1383 1347 1445 «Sapientes
1369 1384 1483 1430 enim

107 1473 129 1494 »
154 1469 304 1498 eorum
333 1452 488 1514 (quia,
512 1451 625 1496 sicut
644 1450 752 1496 dicit
779 1452 1012 1514 Apostolus
1029 1489 1039 1506 ‚
1064 1453 1300 1498 invisibilia
1326 1454 1435 1509 Dei,
1460 1472 1483 1499 a

106 1543 128 1565 ›>
153 1523 460 1569 constitutione
487 1521 637 1569 mundi
661 1539 739 1585 per
763 1540 810 1567 ea
834 1540 934 1586 quae
956 1523 1071 1568 facta
1100 1535 1200 1569 sunt
1218 1561 1228 1579 ,
1266 1524 1485 1571 intellecta

105 1613 127 1634 ›>
153 1592 504 1655 conspiciuntur,
533 1592 792 1654 sempiterna
814 1609 991 1655 quoque
1013 1593 1150 1638 virtus
1170 1597 1261 1652 ejus
1288 1611 1337 1639 ac
1365 1594 1483 1641 divi-

106 1683 128 1704 »
151 1662 263 1707 nitas
278 1698 289 1717 ,
315 1672 363 1707 ut
375 1662 460 1707 sint
477 1661 786 1707 inexcusabiles
805 1663 818 1720 )
840 1697 850 1716 ‚
873 1672 1179 1721 cognoscentes
1199 1663 1364 1719 Deum,
1393 1681 1482 1709 non

107 1751 130 1773 ›>
155 1731 265 1776 sicut
287 1731 429 1775 Deum
452 1729 875 1786 honorificaverunt,
908 1741 981 1776 aut
1000 1731 1156 1790 gratias
1178 1743 1380 1791 egerunt,
1407 1734 1483 1779 sed

108 1822 130 1843 2>
156 1810 424 1848 evanuerunt
448 1800 490 1846 in
515 1800 852 1859 cogitationibus
885 1801 994 1856 suis,
1030 1812 1071 1846 et
1102 1802 1385 1848 obscuratum
1420 1815 1482 1849 est

108 1891 130 1913 >³
155 1869 363 1932 insipiens
380 1886 456 1915 cor
475 1886 624 1915 eorum
657 1887 667 1914 ε
693 1868 881 1915 dicentes
905 1870 1019 1915 enim
1051 1888 1092 1916 se
1124 1888 1210 1916 esse
1240 1873 1448 1935 sapientes
1466 1911 1477 1930 ‚

110 1962 132 1983 »
161 1940 281 1986 stulti
300 1939 404 1985 facti
427 1951 528 1985 sunt
543 1977 553 1995 ‚
582 1950 623 1985 et
647 1940 989 1986 immutaverunt
1011 1941 1190 2000 gloriam
1210 1943 1482 2006 incorrupti-

111 2031 133 2054 »
157 2009 258 2055 bilis
282 2009 361 2055 Dei
379 2010 424 2055 in
447 2009 776 2055 similitudinem
798 2010 997 2069 imaginis
1020 2012 1317 2074 corruptibilis
1340 2013 1482 2059 homi-

112 2101 134 2122 ›>
157 2079 222 2125 nis
237 2116 248 2136 ‚
273 2090 316 2124 et
337 2079 566 2125 volucrum
583 2117 593 2136 ‚
612 2090 652 2125 et
665 2079 1018 2143 quadrupedium
1035 2117 1045 2135 ‚
1073 2091 1114 2125 et
1134 2082 1395 2144 serpentium
1408 2083 1442 2131 2.
1460 2105 1482 2125 »

114 2151 223 2196 Haec
240 2159 340 2195 sunt
362 2150 475 2195 enim
501 2149 731 2195 simulacra
757 2150 963 2195 Gentium
983 2186 993 2205 ‚
1021 2150 1066 2195 in
1087 2151 1247 2213 quibus
1264 2152 1483 2214 interpre-

114 2219 237 2266 tandi
259 2236 348 2265 non
368 2220 537 2265 habent
559 2220 718 2265 exitum
738 2256 748 2276 ‚
771 2219 853 2264 nisi
873 2219 926 2265 ad
957 2230 1196 2265 ereaturam
1217 2238 1349 2284 quam
1374 2239 1485 2267 eon-

116 2289 230 2336 didit
253 2290 395 2343 Deus3
423 2299 471 2335 ut
490 2290 534 2335 in
551 2290 644 2352 ipsa
665 2306 840 2353 quoque
857 2289 1211 2352 interpretatione
1234 2292 1486 2337 simulacro-

116 2377 244 2417 rum,
275 2359 330 2424 de
360 2376 447 2424 qua
481 2377 523 2406 se
553 2361 775 2425 peritiores
807 2377 954 2406 eorum
983 2365 1149 2421 jactare
1180 2372 1307 2424 atque
1337 2361 1488 2407 inflare

119 2441 463 2486 consueverunt,
481 2431 627 2477 hocin
640 2431 697 2476 eis
714 2432 790 2476 fiat
812 2431 932 2494 quod
953 2432 1085 2495 paulo
1106 2441 1204 2495 post
1221 2431 1336 2477 idem
1351 2432 1490 2494 Apos-

119 2500 234 2547 tolus
263 2499 372 2547 dicit
397 2518 408 2546 ε
437 2522 459 2543 «
477 2501 717 2549 Coluerunt
757 2512 799 2548 et
827 2502 1065 2551 servierunt
1102 2512 1310 2549 creaturae
1342 2503 1491 2565 potius

169 2582 180 2604 ¹
205 2593 219 2615 ι
237 2581 324 2617 Tim.
342 2594 390 2623 zv,
405 2595 439 2619 2.
454 2601 501 2609 -
515 2583 531 2608 2
545 2587 639 2619 Rom.
659 2595 684 2624 ι,
702 2590 822 2622 ²0-24,

281 2649 440 2682 cxxxv.
1271 2637 1332 2692 34
