1795 3253
319 234 413 289 504
741 253 775 282 5.
820 255 1062 286 mensum
1098 254 1303 285 nmscom

317 316 599 375 ligamentum
622 317 910 368 solidantem?
931 326 1026 368 Jam
1054 320 1164 366 illud
1190 320 1410 384 quomodo
1432 323 1571 385 aperit
1596 341 1693 370 ma-

318 388 447 446 gister
470 388 628 445 bonus,
659 407 739 436 cur
758 392 849 455 ipse
876 394 966 455 Mo)
983 410 1060 447 ses,
1091 409 1138 437 ex
1163 395 1287 451 cujus
1303 392 1417 438 libro
1441 393 1610 456 prolata
1633 405 1694 440 est

316 459 369 505 de
392 460 531 522 prima
552 463 860 521 conjunctione
885 463 1064 510 maseuli
1086 474 1128 508 et
1147 463 1342 509 fiieminae
1374 474 1460 509 tam
1484 476 1630 511 sancta
1653 475 1696 510 et

317 529 435 575 nulla
461 531 729 594 separatione
748 533 951 580 violanda
970 535 1139 580 castitas
1151 533 1410 594 conjugalis,
1429 545 1577 598 postea
1599 553 1696 598 per-

319 600 480 647 miserit
503 601 719 648 dimittere
745 620 918 650 uxorem
939 608 956 651 9
986 606 1096 651 Nam
1122 621 1223 649 cum
1248 603 1309 649 illi
1345 605 1693 668 respondissent:

318 693 338 713 «
367 672 485 728 Quid
518 691 616 734 ergo
644 674 814 737 Moyses
833 675 1058 721 mandavit
1084 674 1179 721 dari
1204 673 1401 720 libellum
1428 675 1627 738 repudii,
1655 687 1700 723 et

321 763 341 784 ›>
367 741 619 789 dimittere?
641 766 660 785 »
681 745 754 790 Ait
779 745 891 791 illis:
922 768 941 787 «
965 746 1182 802 Quoniam
1212 745 1380 808 Moyses
1413 745 1466 791 ad
1491 745 1700 792 duritiam

325 833 345 854 ›>
372 812 515 858 cordis
536 815 666 860 vestri
679 816 876 879 permisit
900 816 1023 862 vobis
1050 815 1266 861 dimittere
1290 831 1439 862 uxores
1452 815 1658 864 vestras1.
1681 838 1702 858 »

322 883 421 928 Hoe
451 884 650 948 estquod
675 885 810 949 paulo
832 897 929 932 ante
954 886 1244 949 exposuimus.
1278 885 1454 942 Quanta
1480 887 1594 933 enirn
1617 887 1702 933 du-

323 955 419 1000 ritia
439 966 555 1011 erat,
586 974 686 1020 qua]
713 974 793 1002 nec
817 975 894 1020 per
923 957 1057 1003 libelli
1082 956 1477 1020 interpositionem,
1505 958 1583 1004 ubi
1610 957 1702 1004 dis-

322 1025 531 1071 suadendi
554 1026 675 1072 loeus
694 1029 821 1088 justis
841 1038 881 1074 et
899 1027 1193 1091 prudentibus
1214 1027 1508 1085 tribuebatur,
1534 1028 1643 1074 solvi
1661 1039 1704 1074 et

322 1097 439 1142 flecti
482 1109 626 1160 posset
654 1099 708 1145 ad
746 1100 1039 1164 recipiendam
1079 1100 1146 1146 vel
1192 1099 1482 1146 revocandam
1516 1100 1707 1160 conjugii

324 1168 618 1215 charitatem?
646 1171 711 1215 lta
741 1172 974 1227 Dominus,
989 1171 1095 1234 quid
1118 1172 1201 1216 Lex
1218 1181 1258 1216 et
1276 1171 1402 1216 bonis
1425 1171 1704 1235 praeciperet,

322 1251 364 1285 et
382 1238 502 1284 duris
526 1240 811 1303 permitteret,
829 1245 864 1301 ej
873 1241 1022 1287 usdeln
1037 1241 1162 1302 Legis
1177 1241 1421 1287 testimonio
1442 1240 1697 1296 declaravit,

323 1327 423 1356 eum
437 1321 479 1355 et
498 1328 586 1356 non
603 1310 909 1357 dimittendam
922 1329 1095 1357 uxorem
1113 1329 1159 1357 ex
1173 1311 1324 1357 eadem
1341 1312 1568 1376 Scriptura
1589 1329 1709 1357 eom-

326 1391 565 1426 memorata
591 1383 900 1441 conjunctione
923 1382 1108 1428 masculi
1134 1393 1175 1427 et
1199 1381 1394 1428 foeminae
1418 1383 1608 1439 monuit,
1638 1382 1710 1428 di·-

327 1452 564 1515 vinamque
591 1453 894 1499 auctoritatem
926 1453 1118 1512 ejusdem
1143 1452 1465 1513 conjunctionis
1490 1453 1708 1516 exposuit,

325 1533 366 1568 et
390 1522 588 1569 dandum
615 1523 815 1569 libellum
859 1524 1031 1587 repudii
1071 1535 1254 1588 propter
1284 1523 1493 1570 duritiam
1517 1523 1585 1570 vel
1622 1523 1710 1569 do-

327 1592 475 1638 mandi
499 1593 564 1638 vel
591 1593 794 1639 indomiti
811 1594 955 1640 cordis
984 1594 1185 1641 ostendit.

394 1665 533 1710 XXX.
561 1664 845 1727 Quapropter
859 1681 958 1710 eum
977 1665 1121 1710 onmia
1139 1665 1213 1710 illa
1233 1664 1479 1710 excellentia
1492 1674 1715 1728 praecepta

331 1735 529 1789 Domini,
547 1751 648 1798 quae
658 1734 877 1780 veteribus
891 1735 1179 1780 Hebraeorum
1199 1734 1322 1780 libris
1342 1734 1557 1780 contraria
1581 1734 1717 1779 Faus-

330 1816 400 1850 tus
419 1804 597 1850 volebat
625 1804 865 1861 ostendere,
895 1805 941 1850 in
955 1805 1115 1850 eisdem
1139 1822 1314 1869 quoque
1338 1805 1459 1851 libris
1476 1805 1713 1851 invenian-

335 1886 430 1929 tur3
453 1875 569 1921 unde
594 1875 712 1920 venit
735 1875 949 1921 Dominus
973 1875 1130 1935 Legem
1156 1892 1244 1921 non
1267 1874 1446 1931 solvere,
1474 1874 1546 1920 sed
1573 1874 1718 1920 adim-

335 1946 474 2012 plere,
502 1947 583 1992 nisi
614 1956 663 1992 ut
684 1947 871 2010 exceptis
894 1946 1207 2010 promissorum
1231 1945 1402 2006 figuris,
1426 1962 1526 2009 quae
1553 1944 1721 1991 reddita

336 2018 515 2065 veritate
533 2017 782 2082 adimpletae
802 2028 931 2081 atque
950 2017 1139 2063 sublatae
1155 2027 1274 2074 sunt,
1294 2018 1388 2081 ipsa
1407 2033 1581 2081 quoque
1600 2032 1721 2080 prae-

336 2101 481 2153 cepta,
504 2105 583 2153 per
606 2106 706 2153 quae
728 2091 813 2134 Lex
837 2088 911 2134 illa
934 2099 1080 2135 saneta
1100 2099 1141 2134 et
1154 2092 1270 2149 J'usta
1297 2098 1338 2134 et
1360 2088 1477 2134 bona
1500 2087 1609 2143 est3,
1633 2103 1722 2132 non

341 2178 421 2225 per
443 2157 702 2206 vetustatem‘
740 2159 898 2206 litterae
923 2159 1122 2219 jubentts
1137 2197 1149 2216 ,
1171 2169 1214 2205 et
1239 2157 1398 2205 delicta
1433 2157 1724 2223 superborum

339 2242 461 2278 reatu
482 2231 614 2277 etiarn
634 2230 1008 2295 praevaricationis
1033 2230 1224 2292 augentis
1239 2268 1250 2287 ,
1282 2230 1355 2277 sed
1373 2247 1453 2294 per
1485 2229 1722 2276 novitatem

339 2303 519 2367 spiritus
535 2301 800 2363 adJ'uvantis,
818 2312 859 2348 et
877 2302 1113 2349 humilium
1132 2300 1443 2348 confessionem
1462 2299 1611 2347 salutis
1627 2317 1720 2361 gra-

340 2373 401 2420 tia
413 2373 638 2419 liberantis
657 2410 669 2429 ‚
697 2372 982 2436 implerentur
1008 2373 1054 2419 in
1077 2373 1236 2419 nobis?
1258 2372 1373 2430 Quia
1397 2389 1442 2418 re
1466 2388 1586 2428 vera,
1612 2371 1724 2417 sieut

338 2444 483 2490 omnia
516 2444 598 2489 ista
620 2454 842 2507 praecepta
868 2443 1073 2490 sublimia
1085 2460 1164 2490 nec
1190 2443 1331 2489 inillis
1353 2442 1477 2489 libris
1500 2441 1723 2490 veteribus

336 2515 517 2570 desunt3
544 2516 603 2562 ita
616 2515 706 2561 illie
728 2516 825 2561 finis
837 2533 924 2580 quo
952 2515 1194 2563 referantur
1210 2515 1409 2562 occultus
1434 2524 1496 2562 est
1525 2531 1536 2560 ε
1559 2529 1722 2579 quam·-

385 2588 532 2634 iMatth.
552 2611 619 2639 xix,
640 2612 673 2640 7.
694 2598 770 2626 ...2
785 2602 889 2645 Supra
902 2611 933 2636 c.
951 2601 1007 2634 26.
1027 2619 1072 2626 —
1089 2598 1104 2625 3
1118 2603 1215 2636 Rom.
1232 2611 1287 2648 vn,
1308 2611 1364 2632 12.
