1795 3253
309 233 401 280 270
733 229 767 260 S.
810 228 1052 260 AUGUSTINI
1091 229 1296 262 EPISCOPI

305 296 636 349 concumbunt3
664 311 716 340 ne
738 294 863 340 nodis
882 296 1047 342 carneis
1064 296 1221 341 arctius
1246 295 1515 360 implicetur,
1535 308 1576 344 et
1590 315 1685 345 sor-

306 368 451 414 didius
474 367 740 431 inquinetur.
773 366 884 412 Cum
913 385 1012 428 ergo
1048 367 1281 431 Apostolus
1311 368 1462 414 dicat:
1486 370 1686 417 «Omnia

306 461 327 482 ))
352 437 515 485 munda
554 436 772 493 mundis-1,
800 461 818 479 »
839 439 989 503 utique
1028 439 1282 484 bominibus
1318 441 1392 503 qui
1429 453 1611 504 possunt
1642 443 1687 489 in

307 510 494 556 deterius
534 508 769 554 voluntatis
809 510 1085 572 perversitate
1118 510 1303 564 mutari3
1343 521 1508 574 quanto
1555 513 1688 574 magis

307 580 451 626 omnia
488 579 653 624 munda
686 589 786 624 sunt
811 579 920 637 Deo,
950 580 1026 643 qui
1059 596 1226 642 semper
1253 580 1622 629 incommutabilis
1648 593 1690 635 et

307 650 709 698 incontaminabilis
743 654 996 712 permanet)
1039 651 1102 695 De
1137 654 1262 710 cujus
1299 652 1508 715 sapientia
1541 653 1690 699 divina

308 722 477 768 dictum
496 733 558 767 est
578 721 622 766 in
646 720 703 767 eis
726 721 866 777 libris,
887 739 996 785 quos
1016 721 1376 784 reprehendendo
1395 723 1691 771 vehementius

307 792 616 858 inquinamini,
639 791 759 856 quod
785 792 896 837 nibil
923 793 1198 856 inquinatum
1227 793 1271 838 in
1299 810 1393 838 eam
1421 794 1623 851 incurrit,
1648 805 1692 841 et

311 864 484 925 attingit
507 864 671 927 ubique
696 874 877 927 propter
903 880 1023 908 suam
1047 862 1356 910 munditiam‘2.
1388 864 1686 929 Quapropter,

308 954 333 982 o
363 933 708 982 immundissima
734 934 921 989 vanitas,
953 934 1094 979 ita-nc
1113 933 1316 997 displicet
1334 934 1416 980 tibi
1436 936 1476 981 in
1497 937 1694 982 membro

308 1007 531 1062 humano,
566 1005 681 1052 unde
718 1005 912 1050 humana
947 1007 1164 1065 generatio
1199 1017 1492 1069 propagatur,
1524 1007 1694 1067 signum

307 1077 640 1139 regenerationis
678 1077 912 1132 humanae,
948 1076 1071 1122 illum
1106 1077 1178 1122 cui
1213 1077 1377 1123 munda
1414 1088 1514 1124 sunt
1550 1079 1696 1125 omnia

308 1150 449 1195 Deum
469 1148 639 1208 jussisse
671 1147 901 1203 constitui,
929 1158 970 1192 et
997 1147 1139 1211 placet
1165 1148 1244 1193 tibi
1276 1148 1404 1194 etiam
1430 1149 1476 1194 in
1500 1149 1690 1209 flagitiis,

308 1238 408 1284 quae
431 1219 506 1265 itlo
527 1218 724 1264 membro
744 1219 800 1264 ab
819 1218 1056 1282 impudicis
1085 1219 1340 1265 hominibus
1363 1231 1690 1284 perpetrantur,

307 1291 453 1355 ipsum
486 1292 628 1336 Deum
652 1300 867 1346 vestrum,
898 1291 970 1335 cui
1000 1290 1112 1336 nihil
1136 1302 1198 1337 est
1228 1291 1468 1347 mundum,
1501 1303 1694 1356 exparte

307 1380 396 1409 suas
430 1373 596 1409 naturae
633 1362 944 1408 commaculari
977 1373 1105 1426 atque
1138 1364 1394 1426 corrumpi?
1426 1363 1546 1420 Quid
1578 1365 1693 1410 enim

307 1434 476 1498 patitur
505 1435 550 1479 in
579 1433 710 1479 variis
746 1434 951 1497 turpibus
986 1435 1273 1498 corruptelis,
1312 1452 1440 1498 quem
1473 1435 1692 1496 conjugali

309 1523 485 1569 quoque
510 1504 751 1550 concubitu
775 1503 951 1550 creditis
978 1505 1199 1568 inquinari
1210 1508 1228 1551 ἶ)
1257 1504 1323 1551 Ad
1346 1504 1392 1550 id
1417 1505 1545 1550 etiam
1572 1505 1693 1569 quod

308 1577 451 1622 dicere
486 1575 641 1623 soletis.
686 1576 882 1635 Ergo—ne
920 1575 1092 1632 decrat,
1135 1576 1213 1621 ubi
1248 1577 1361 1621 Deus
1392 1577 1694 1639 praeliguraret

307 1647 577 1708 signaculum
595 1646 776 1707 justitiae
811 1645 930 1701 fidei,
964 1647 1045 1692 nisi
1073 1647 1118 1692 in
1142 1646 1216 1692 illo
1238 1647 1462 1692 mcmbro')
1490 1648 1692 1711 Respon-

308 1719 463 1765 detur:
486 1718 578 1763 Cur
601 1717 717 1763 enim
740 1734 827 1762 non
849 1727 891 1762 et
910 1717 1004 1762 ibi?
1040 1717 1207 1773 Primo,
1234 1719 1336 1782 quia
1355 1717 1500 1762 onmia
1527 1717 1691 1764 munda

306 1789 499 1845 mundis,
530 1799 694 1852 quanto
716 1788 850 1848 magis
883 1788 1004 1834 Deo?
1031 1788 1196 1834 Deinde
1215 1789 1317 1852 quia
1344 1788 1430 1833 boc
1460 1787 1690 1851 Apostolus

307 1861 438 1917 dixit,
473 1859 745 1920 signaculum
777 1859 929 1904 (latum
965 1859 1159 1905 Abrabae
1181 1860 1362 1919 justitiae
1395 1859 1518 1915 fidei,
1546 1859 1592 1905 in
1615 1859 1691 1906 tali

304 1930 684 1978 circumcisione3.
718 1930 804 1975 Vos
829 1940 970 1975 autem
990 1929 1122 1975 nolite
1149 1930 1417 1986 erubescere,
1440 1931 1473 1975 si
1491 1931 1685 1993 potestis,

304 2019 405 2048 cum
450 2001 574 2049 vobis
619 2000 1028 2060 dicitur2E1go-ne
1067 1998 1214 2045 deerat
1260 2001 1351 2045 Deo
1393 2011 1534 2046 restro
1576 2000 1685 2064 quid

306 2083 464 2132 ageret,
490 2089 543 2117 ne
558 2088 647 2117 suae
670 2081 840 2116 naturae
859 2081 1028 2134 partem
1047 2069 1137 2115 istis
1151 2070 1375 2126 membris,
1396 2087 1496 2133 quae
1513 2070 1572 2116 sic
1589 2070 1688 2116 des—

304 2143 458 2206 puitis,
491 2142 762 2206 implicaret?
801 2140 1015 2186 Pudenda
1052 2139 1231 2204 quidem
1264 2140 1343 2186 ista
1369 2140 1577 2186 dicuntur
1607 2141 1688 2187 ho·

303 2213 498 2259 minibus
516 2223 697 2276 propter
715 2222 874 2257 nostrae
892 2211 1166 2257 mortalitatis
1183 2211 1513 2274 corruptibilem
1533 2228 1686 2275 poena-

302 2284 475 2349 lemque
507 2284 812 2349 propaginem,
850 2300 948 2347 quae
985 2282 1085 2328 inde
1119 2283 1314 2328 subsistit
1343 2300 1352 2328 :
1382 2283 1544 2347 quibus
1579 2283 1684 2330 casti

304 2354 519 2402 adhibent
537 2355 863 2412 verecundiam,
888 2354 1103 2418 impudici
1120 2353 1425 2418 petulantiam,
1454 2355 1570 2400 Deus
1589 2358 1684 2414 jus—

302 2427 459 2474 titiam.

368 2497 443 2545 IV.
486 2497 776 2544 Cessationem
795 2513 896 2543 vero
920 2496 1206 2543 sabbatorum
1221 2499 1315 2555 jam
1334 2494 1511 2560 quidem
1532 2511 1682 2560 super-

348 2582 442 2618 ¹Tit.
460 2595 483 2623 1,
504 2583 557 2617 15.
576 2601 622 2609 —
641 2581 657 2606 ²
674 2584 748 2628 Sap.
762 2593 822 2622 vu,
841 2582 898 2624 25,
917 2586 948 2614 et
965 2591 1056 2616 xxiv.
1079 2597 1124 2607 -
1139 2577 1154 2604 3
1173 2583 1270 2615 Rom.
1293 2591 1340 2620 xv,
1357 2592 1408 2613 ιι.

1779 647 1788 854 i

1768 817 1771 867 i

1770 888 1772 897 ,

1776 1202 1783 1408 3
