1795 3253
341 232 434 288 354
759 247 794 276 s,
838 245 1081 277 Atreesrmt
1118 247 1323 279 EPISCOPJ.

338 317 375 362 ci
399 314 629 361 servituras
656 310 822 365 cadem,
844 313 916 358 cui
940 313 1089 359 cedere
1108 325 1342 373 coguntur,
1361 315 1588 381 Scriptura
1607 336 1721 383 prae-

338 387 460 438 dixit,
486 400 585 449 quae
604 383 663 428 ita
685 383 880 429 clarescit
904 395 995 430 toto
1023 386 1129 430 orbe
1158 396 1366 432 terrarum
1390 426 1400 444 ,
1442 400 1491 434 ut
1523 391 1720 437 omnium

340 454 712 517 tergiversantium
735 455 884 501 oculos
902 456 1026 502 feriat
1045 477 1055 509 ;
1075 457 1356 504 verumetiam
1397 458 1450 505 de
1471 460 1522 505 iis
1550 478 1651 525 quae
1675 463 1722 508 in

336 532 429 595 ipsa
446 530 468 573 J
477 528 700 574 udaeorum
713 537 835 586 gente
839 531 931 587 jani
952 528 1195 585 factasunt,
1219 530 1339 592 qnod
1353 533 1587 578 sacrarium
1607 550 1724 580 ever-

338 620 433 649 sum
454 611 532 657 est,
559 598 675 663 quod
692 600 869 644 cessavit
890 600 1049 657 hostia,
1075 611 1116 645 et
1135 601 1350 657 sacerdos,
1376 613 1417 647 et
1438 604 1588 650 unctio
1609 605 1726 668 pris-

342 677 429 721 tina
451 692 461 719 :
505 689 606 736 quae
651 672 797 716 omnia
842 672 995 717 Daniel
1037 681 1140 716 tune
1187 675 1502 735 praenuntiavit
1541 674 1692 721 futura
1710 714 1722 733 ‚

338 745 514 811 quando
546 743 682 803 ungui
707 744 917 788 Sanctum
946 753 1195 788 sanctorum
1221 742 1388 806 liquide
1420 745 1718 808 prophetavit.

341 824 453 868 Cum
481 819 612 879 igitur
632 817 704 863 illa
718 817 962 876 omniajam
983 816 1097 862 sacta
1118 816 1219 871 sint,
1242 818 1423 878 exigitur
1441 819 1497 864 ab
1517 820 1575 865 eis
1597 821 1727 866 etiam

340 902 498 938 unctus
518 891 703 934 Sanctus
726 898 974 933 sanctorum
1001 887 1167 950 etquid
1186 889 1475 952 respondeant
1494 907 1583 937 non
1602 891 1726 937 inve--

337 964 477 1009 niunt.
513 959 748 1018 Quomodo
775 970 918 1004 autem
962 958 1193 1003 nobiseum
1220 976 1306 1004 non
1332 960 1385 1005 (le
1409 961 1609 1018 Christo,
1654 961 1726 1008 sed

342 1045 510 1080 tantum
526 1033 578 1078 de
600 1032 791 1077 adventu
815 1034 907 1090 ejus
937 1029 1232 1093 disceptarent
1249 1068 1260 1087 ‚
1296 1031 1377 1076 nisi
1413 1032 1522 1077 bene
1554 1044 1728 1079 nossent

340 1123 437 1151 cum
456 1106 500 1150 in
519 1104 605 1150 suis
628 1104 751 1148 libris
775 1102 1121 1165 prophetatum?
1149 1104 1242 1148 Cur
1267 1120 1287 1147 a
1309 1103 1478 1149 Joanne
1500 1116 1724 1168 quierunt,

343 1187 489 1222 utrum
522 1176 614 1238 ipse
658 1173 713 1219 sit
737 1172 1009 1219 Christus'l')
1053 1176 1145 1219 Cur
1181 1174 1264 1237 ipsi
1297 1174 1486 1219 Domino
1530 1175 1685 1221 dicunt
1713 1193 1724 1220 :

340 1270 359 1289 «
383 1245 594 1303 Quandiu
622 1244 810 1290 animam
836 1254 1025 1289 nostram
1050 1244 1194 1290 tollis?
1215 1245 1249 1289 si
1274 1255 1321 1289 tu
1344 1262 1385 1290 es
1407 1245 1626 1303 Christus,
1655 1246 1728 1292 dic

341 1342 361 1360 »
387 1317 513 1363 nobis
534 1316 681 1379 palam
703 1315 737 1361 2.
759 1336 778 1355 ι)
793 1316 882 1360 Cur
898 1316 1052 1359 Petrus
1074 1325 1115 1359 et
1134 1314 1325 1360 Andreas
1339 1326 1380 1361 et
1408 1316 1646 1381 Philippus
1663 1317 1728 1363 di-

341 1399 449 1436 cunt
472 1385 736 1434 Natlianaeli
761 1403 770 1430 z
804 1408 823 1427 α
846 1386 1098 1431 Invenimus
1123 1386 1321 1431 Messiam
1341 1424 1351 1443 ,
1375 1387 1729 1452 quodinterpre-

340 1485 360 1504 »
391 1472 508 1507 tatur
526 1459 727 1504 Christus
751 1457 792 1504 ὃ)
812 1458 928 1503 »nisi
946 1458 1148 1522 quiahoc
1168 1475 1327 1504 nomen
1351 1460 1396 1505 in
1416 1459 1487 1506 illa
1514 1472 1637 1521 gente
1652 1479 1730 1525 per

342 1532 436 1579 illas
472 1529 657 1575 Litteras
693 1539 736 1572 et
766 1526 1002 1583 sciebatur,
1044 1539 1085 1572 et
1115 1531 1439 1591 expectabatur.
1474 1533 1583 1577 Nam
1609 1531 1730 1579 nulla

342 1604 424 1650 alia
448 1618 549 1662 gens
572 1616 689 1659 reges
714 1609 756 1643 et
788 1598 1030 1643 sacerdotes
1054 1616 1153 1645 suos
1178 1601 1376 1648 Christos
1403 1602 1564 1648 habuit
1585 1614 1627 1649 et
1648 1620 1730 1650 vo—

343 1671 510 1729 caviffl,
537 1686 724 1735 quorum
751 1670 1084 1729 significativam
1101 1672 1352 1718 unctionem
1377 1670 1537 1718 cessare
1560 1672 1623 1719 fas
1642 1691 1730 1720 non

338 1745 424 1791 fuit
442 1781 453 1800 ‚
497 1742 579 1788 nisi
599 1759 700 1787 cum
724 1740 796 1786 ille
826 1742 1011 1787 venisset
1033 1742 1109 1805 qui
1135 1742 1180 1788 in
1217 1744 1275 1789 eis
1321 1745 1720 1807 praenuntiabatur.

345 1818 417 1863 Sic
444 1815 559 1861 enim
579 1813 726 1859 Judaei
754 1826 965 1860 noverant
990 1814 1085 1860 illos
1113 1816 1313 1861 Christos
1340 1833 1462 1873 suos,
1504 1827 1553 1862 ut
1587 1828 1730 1864 tamen

344 1904 481 1934 unum
502 1895 741 1949 sperarent,
769 1902 846 1948 per
867 1902 997 1949 quem
1023 1885 1198 1932 demum
1225 1887 1539 1933 liberarentur:
1563 1888 1636 1934 sed
1658 1906 1732 1935 ex-

343 1957 495 2005 caecati
514 1955 866 2015 occultajustitia
887 1956 984 2009 Dei,
1012 1955 1117 1999 dum
1137 1956 1270 2001 solam
1308 1960 1399 2016 ejus
1418 1957 1626 2003 virtutem
1652 1975 1731 2004 co-

345 2032 501 2091 girant,
525 2027 823 2073 infirmitatem
839 2062 849 2080 ,
875 2024 921 2069 in
951 2041 1037 2087 qua
1058 2043 1138 2089 pro
1163 2027 1290 2072 nohis
1314 2039 1513 2073 mortuus
1531 2039 1616 2085 est,
1642 2046 1730 2075 non

346 2100 660 2147 intellexerunt.
688 2096 804 2141 Hinc
840 2095 913 2141 illa
938 2097 1072 2142 verba
1092 2098 1137 2142 in
1158 2097 1274 2143 libro
1304 2099 1540 2162 Sapientiae
1561 2099 1614 2145 de
1648 2100 1732 2148 illis

346 2170 562 2237 praedicta
584 2167 885 2227 cognoscimus
914 2185 924 2212 ε
964 2167 1146 2214 «Morte
1170 2170 1419 2233 turpissima
1462 2171 1732 2216 condemne-

347 2266 368 2286 »
394 2258 491 2288 mus
511 2240 634 2286 illum
654 2259 665 2292 ;
689 2239 769 2284 crit
798 2240 911 2285 enim
936 2251 1158 2304 respectus
1179 2241 1223 2286 in
1254 2241 1525 2287 sermonibus
1544 2241 1676 2290 illius,
1697 2242 1732 2288 si

348 2335 370 2357 2>
398 2330 496 2360 vere
526 2311 660 2356 Filius
690 2310 766 2354 Dei
791 2321 853 2356 est
871 2348 882 2367 ‚
910 2311 1115 2375 suscipiet
1135 2311 1259 2357 illum
1277 2349 1288 2368 ,
1318 2322 1360 2357 et
1378 2312 1585 2357 liberabit
1605 2312 1731 2358 illum

347 2408 370 2429 »
395 2384 449 2431 de
470 2382 671 2429 manibus
683 2382 1003 2428 contrariorum
1028 2383 1060 2430 5.
1081 2404 1101 2424 υ
1126 2384 1234 2429 Haec
1250 2383 1550 2443 cogitaverunt
1566 2394 1731 2430 eterra-

346 2465 525 2513 verunt,
544 2452 780 2500 excaecavit
797 2453 911 2500 enim
927 2453 1024 2501 illos
1058 2453 1225 2501 malitia
1244 2471 1408 2502 eorum.
1434 2455 1568 2513 Quod
1601 2455 1732 2502 etiam

396 2551 408 2574 ¹
427 2553 524 2584 ‘1⁰3⁰’
543 2559 569 2587 ¹⁹
588 2557 643 2578 ²⁰·
662 2544 735 2569 '²
751 2545 802 2581 Id·
829 2558 862 2587 x,
878 2553 935 2586 ²4·
952 2545 1286 2588 '‘³1d-¹‚41.-·4
1310 2559 1323 2580 1
1344 2550 1424 2592 Reg.
1446 2559 1481 2590 x,
1497 2559 1526 2587 r,
1541 2554 1614 2589 2‚et
1627 2547 1729 2583 Exod.

348 2617 442 2642 xxix.
460 2622 505 2631 -
525 2602 538 2628 5
557 2605 633 2646 Sap.
649 2611 684 2639 11,
707 2611 761 2635 20.
