1795 3253
266 237 442 270 CONTRA
477 237 680 270 FAUSTUM
714 238 1015 280 MANICHAEUM‚
1055 240 1144 274 Lm.
1185 244 1286 277 XIII.
1383 231 1477 295 375

101 320 186 368 que
209 315 423 361 rexerunt,
438 304 517 350 ubi
539 304 807 365 sacrilegium
827 314 948 361 esset,
965 306 1084 368 quod
1102 307 1192 355 istis
1212 311 1360 372 religio
1376 312 1474 361 fuit.

103 377 254 440 ltaque
272 376 307 422 si
327 375 403 440 qui
425 376 516 423 illic
535 377 581 423 in
608 378 775 423 cultum
798 376 1128 425 simulacrorum
1153 392 1195 427 et
1224 382 1477 431 daemonum

100 442 367 506 laberentur,
394 461 468 496 aut
488 466 622 513 poena
649 447 954 513 plectebantur
967 449 1070 512 ipsis
1102 468 1191 498 suae
1217 454 1476 517 reipublicae

98 521 290 582 legibus,
314 533 390 568 aut
409 521 631 568 liberrimo
664 519 826 565 tonitru
859 521 1179 569 coercebantur
1203 527 1477 589 propheticis

98 595 296 641 vocibus.
319 595 440 640 Unus
457 592 569 638 enim
595 592 650 637 ab
673 590 831 636 eisdem
853 590 1082 638 colebatur
1107 594 1241 652 Deus,
1264 597 1340 659 qui
1372 597 1476 644 secit

96 665 259 711 coelum
273 676 316 711 et
328 676 505 720 terram,
522 663 784 727 prophetico
800 679 898 708 sane
912 662 1016 719 ritu,
1036 664 1122 711 boc
1146 677 1223 723 est,
1248 668 1472 728 significa-

97 736 182 781 tivo
199 735 472 789 futurorum3
501 734 576 798 qui
596 734 702 779 ritus
725 731 987 789 aboleretur,
1016 752 1119 780 cum
1145 736 1218 783 illa
1237 738 1467 795 venissent,

93 824 194 869 quae
206 826 285 871 per
300 825 399 854 eum
415 806 776 867 significabantur
793 822 878 851 esse
890 816 1070 851 ventura
1084 825 1095 851 :
1110 809 1472 873 quandoquidem

90 877 234 944 ipsun
261 895 443 939 regnum
464 894 643 937 magnus
668 875 847 940 quidam
868 876 1093 940 Propheta
1116 878 1198 924 fuit
1222 878 1267 924 4:
1301 881 1377 926 ubi
1401 899 1472 928 rex

90 958 131 993 et
159 950 357 996 sacerdos
384 948 566 1013 mystica
587 947 899 1008 significatione
936 949 1245 1009 unguebantur
1268 952 1313 997 2:
1348 953 1471 1016 quod

88 1036 176 1065 non
191 1032 304 1078 ante,
333 1022 437 1085 ipsis
453 1037 627 1084 quoque
643 1021 668 1065 J
675 1019 811 1065 udaeis
831 1020 1135 1080 ignorantibus
1150 1021 1186 1078 3,
1209 1040 1259 1069 ac
1281 1041 1361 1088 per
1382 1025 1470 1071 hoc

86 1089 231 1136 invitis
253 1091 449 1137 ablatum
467 1101 529 1136 est
550 1089 587 1145 4,
614 1090 693 1135 nisi
714 1107 816 1135 cum
838 1091 1020 1136 venisset
1034 1091 1105 1137 ille
1123 1094 1258 1153 gratia
1279 1095 1465 1157 spiritali

87 1171 245 1206 unctus
260 1166 376 1212 Deus
398 1178 492 1225 prae
510 1160 805 1224 participibus
827 1161 913 1206 suis
933 1161 969 1217 5,
990 1162 1059 1208 ille
1079 1164 1264 1210 Sanctus
1286 1177 1466 1212 saneto-

84 1246 178 1276 rum
190 1268 200 1287 ‚
218 1232 332 1278 idem
352 1249 475 1278 verus
488 1249 557 1277 rex
568 1230 833 1276 consulendo
847 1232 990 1287 nobis,
1007 1233 1172 1280 etiden]
1190 1252 1314 1282 verus
1328 1254 1465 1283 sacer-

83 1299 160 1347 dos
193 1320 235 1348 se
268 1303 413 1367 ipsum
438 1301 655 1348 offerendo
681 1319 761 1364 pro
786 1302 925 1349 nobis.
958 1303 1256 1359 Quamobrem
1298 1318 1464 1369 quanto

81 1371 210 1418 distat
234 1373 287 1419 de
303 1373 467 1419 Christi
487 1372 675 1419 adventu
693 1373 804 1418 inter
822 1372 1178 1436 praedicationem
1193 1377 1460 1437 Angelorum

79 1453 122 1487 et
143 1444 451 1491 confessionem
476 1444 812 1500 daemoniomm,
838 1455 1006 1490 tantum
1022 1446 1135 1492 inter
1153 1449 1459 1495 auctoritatem

79 1515 406 1578 Prophetarum
424 1527 467 1562 et
484 1515 776 1562 curiositatem
800 1515 1120 1576 sacrilegorum.

142 1587 261 1633 XVI.
302 1587 381 1633 His
415 1597 458 1632 et
491 1586 677 1638 talibus,
717 1602 818 1648 quae
854 1603 972 1632 nunc
1000 1587 1190 1634 breviter
1222 1590 1454 1650 tangimus,

77 1665 181 1702 tunc
201 1655 312 1702 forte
330 1674 410 1720 pro
430 1656 680 1702 necessitate
697 1654 944 1719 depellendi
968 1659 1181 1704 veternosi
1201 1661 1355 1706 erroris
1375 1661 1457 1708 ali-

74 1737 237 1790 quanto
258 1727 388 1775 latius
410 1728 657 1792 disputatis,
689 1737 731 1772 et
759 1727 917 1773 robore
942 1729 1153 1775 uberioris
1181 1732 1457 1794 probationis

74 1798 258 1855 assertis,
280 1798 351 1845 ille
375 1799 558 1846 Gentilis
585 1815 716 1862 quem
741 1798 869 1843 nobis
888 1799 1248 1846 catechizandum
1270 1804 1453 1849 Faustus

70 1870 302 1932 proposuit
316 1907 327 1925 ‚
365 1871 401 1916 si
435 1869 615 1915 salutem
650 1885 773 1914 suam
805 1869 997 1932 peccatis
1034 1871 1119 1916 suis
1153 1885 1450 1936 praeponeret,

68 1940 268 2003 profecto
282 1951 527 1986 moveretur
543 1938 598 1984 ad
617 1938 747 1984 fidem
767 1956 776 1982 :
795 1956 882 2002 qua
898 1939 1094 1986 imbutus
1112 1952 1154 1987 et
1177 1942 1222 1987 in
1247 1944 1454 2001 Ecclesiae

68 2010 302 2057 catholicae
315 2011 477 2072 gremio
494 2009 706 2056 fovendus
723 2009 978 2067 collocatus,
999 2025 1310 2077 consequenter
1323 2016 1452 2062 etiam

68 2092 331 2139 moneretur,
353 2099 463 2146 quos
486 2098 626 2127 mores
648 2091 791 2126 tenere
814 2079 1005 2128 deberet.
1037 2084 1188 2147 Neque
1210 2088 1452 2149 perturba-

66 2163 186 2199 retur
214 2170 363 2199 eorum
397 2151 704 2209 multitudine,
742 2152 788 2197 in
817 2152 980 2216 quibus
1014 2171 1063 2200 ea
1096 2172 1185 2201 non
1217 2156 1448 2216 inveniret,

64 2241 165 2289 quae
187 2225 414 2271 observare
434 2226 664 2286 juberetur
694 2240 705 2269 ε
733 2223 931 2287 quamvis
956 2242 1057 2272 cum
1081 2244 1130 2273 eo
1163 2230 1450 2293 corporaliter

63 2307 428 2356 congregarentur
457 2296 504 2342 in
528 2295 785 2351 Ecclesiam,
810 2305 852 2340 et
875 2295 1025 2342 eadem
1051 2310 1318 2345 sacramenta
1342 2319 1448 2364 per-

63 2366 271 2430 ciperent.
297 2367 436 2413 Sciret
449 2384 551 2413 cum
569 2366 722 2430 paucis
737 2366 1037 2413 haereditatem
1059 2369 1156 2426 Dei,
1178 2387 1278 2416 cum
1299 2372 1447 2417 multis

63 2448 207 2484 autem
244 2437 465 2500 signacula
499 2442 591 2499 ejus
626 2437 933 2502 participanda
955 2456 965 2483 :
990 2456 1090 2486 cum
1127 2442 1282 2504 paucis
1320 2459 1444 2488 com-

110 2533 120 2556 ¹
141 2536 237 2568 Deut.
254 2544 353 2573 xvur,
369 2535 422 2573 15,
437 2539 469 2566 et
485 2534 564 2565 Psal.
583 2545 621 2573 ιι,
636 2536 715 2565 6.-
727 2532 742 2555 2
755 2535 834 2566 Psal.
849 2546 912 2574 cxx,
933 2536 964 2574 5,
978 2542 1010 2568 et
1033 2547 1044 2567 1
1067 2538 1145 2578 Reg.
1167 2548 1196 2574 x,
1217 2548 1227 2567 1
1239 2555 1296 2570 .-
1310 2534 1324 2559 3
1339 2537 1444 2573 Exod,

63 2596 156 2626 xxtx,
175 2598 266 2627 ¹·17·
285 2606 328 2613 —
349 2584 365 2612 4
389 2591 470 2620 Dan.
491 2599 537 2625 ix,
553 2594 608 2625 24.
627 2605 671 2610 —
685 2585 699 2609 5
715 2588 794 2620 psal.
811 2599 897 2626 κων,
916 2591 947 2621 8.
