1795 3253
3 0 10 209 l

0 275 4 399 ἰ
82 321 140 354 DE
174 320 350 353 DUABUS
384 315 614 350 ANIMABUS
649 313 826 346 CONTRA
861 313 1077 355 mincii„
1114 314 1205 346 ΜΒ.
1249 313 1280 346 1.
1370 315 1424 364 71

50 387 112 434 las
130 385 287 433 haberi
307 394 509 449 oportere
531 420 542 439 ‚
564 381 668 446 quia
692 389 734 426 et
757 397 835 426 nos
871 395 974 425 cum
1007 396 1075 425 eas
1108 379 1350 444 sequimur,
1391 390 1436 427 et

51 474 259 521 corporea
277 455 494 516 diligimus
510 491 521 510 ,
544 451 647 498 mali
679 468 841 498 sumus.
884 451 1122 514 Propterea
1140 450 1158 479 ’ῑ
1192 451 1307 496 0111111
1330 468 1433 498 cor-

49 545 185 592 porea
202 526 422 588 diligendo
438 539 671 589 peccamus
689 560 700 578 ‚
720 522 823 586 quia
843 521 1055 585 spiritalia
1077 521 1254 582 diligere
1276 533 1317 567 et
1327 526 1427 582 jus-

51 601 146 647 titia
159 601 388 661 jubemur,
417 609 459 644 et
479 607 635 643 natura
658 612 889 659 possumus
908 632 919 652 ‚
946 605 987 640 et
1008 605 1114 640 tunc
1132 594 1176 640 in
1196 604 1343 641 nostro
1362 613 1431 656 ge-

51 688 153 717 nere
177 670 334 734 optimi
360 680 402 715 et
424 667 659 714 beatissimi
678 683 839 714 sumus,

117 742 239 788 XXI.
278 739 577 797 Quamobrem
602 737 709 801 quid
741 737 879 783 habet
909 736 1155 797 argumenti
1184 746 1370 783 aestuans
1392 737 1438 783 in

53 822 282 876 utramque
301 820 470 874 partem
489 809 744 854 deliberatio
759 846 770 865 ,
801 807 933 853 modo
950 807 995 853 in
1015 817 1246 870 peccatum
1263 825 1402 871 prona
1420 845 1432 865 ‚

52 881 185 928 modo
202 881 248 927 in
265 891 381 926 recte
399 879 565 925 factum
578 879 804 936 subvecta,
824 889 873 924 ut
894 878 983 924 duo
1005 877 1245 923 animarum
1260 895 1431 938 genera,

52 968 239 1016 quorum
264 949 439 996 alterius
457 960 612 995 natura
637 967 684 995 ex
709 950 800 995 Deo
825 949 902 1006 sit,
933 948 1105 994 alterius
1137 966 1225 994 non
1251 949 1328 1005 sit,
1355 967 1430 995 co-

52 1038 207 1082 gamur
227 1021 450 1084 accipere,
477 1036 578 1065 cum
605 1019 707 1065 alias
730 1029 796 1065 tot
819 1036 969 1065 causas
996 1018 1246 1064 alternantis
1264 1020 1429 1079 cogita-

52 1092 180 1138 tionis
199 1091 413 1150 conjicere
443 1090 598 1136 liceat?
634 1090 720 1136 Sed
744 1090 842 1136 haec
873 1090 1059 1136 obscura
1084 1106 1170 1135 esse
1185 1127 1196 1147 ,
1224 1100 1265 1135 et
1287 1090 1430 1136 incas-

52 1179 148 1208 sum
169 1162 225 1208 ab
247 1161 402 1207 animis
421 1160 710 1224 lippientibus
734 1161 873 1224 quaeri
889 1198 900 1218 ,
923 1160 1117 1224 quisquis
1130 1160 1273 1206 bonus
1290 1179 1434 1207 rerum

52 1232 313 1278 existimator
331 1242 394 1277 est
408 1269 418 1287 ‚
435 1231 568 1278 videt.
591 1232 736 1288 Quare
754 1231 827 1277 illa
851 1231 997 1295 potius
1015 1247 1116 1294 quae
1137 1230 1190 1276 de
1209 1231 1434 1278 voluntate

53 1313 180 1367 atque
202 1312 385 1366 peccato
406 1301 523 1348 dicta
541 1312 658 1358 sunt,
685 1301 775 1358 illa,
802 1302 982 1365 inquam
996 1338 1006 1358 ‚
1034 1318 1132 1364 quae
1151 1318 1317 1347 summa
1334 1306 1434 1362 J'us-

51 1373 148 1419 titia
165 1372 383 1418 neminem
397 1372 563 1418 ratione
581 1382 771 1417 utentem
785 1371 984 1431 ignorare
997 1372 1227 1435 permittit,
1244 1371 1317 1418 illa
1335 1390 1435 1436 quae

52 1443 87 1488 si
112 1441 363 1488 auferantur
383 1441 534 1498 nobis,
564 1441 678 1487 nihil
697 1452 759 1487 est
780 1442 895 1488 unde
919 1441 1148 1506 disciplina
1167 1442 1342 1488 virtutis
1362 1443 1436 1489 in-

52 1511 252 1567 choetur,
275 1510 388 1557 nihil
411 1510 527 1556 unde
563 1529 586 1556 a
615 1511 823 1557 vitiorum
858 1521 996 1556 morte
1032 1522 1233 1572 surgatur
1251 1550 1263 1569 ,
1303 1513 1433 1559 etiam

53 1592 184 1647 atque
199 1582 328 1628 etiam
342 1582 611 1628 considerata
631 1582 730 1628 satis
741 1582 855 1628 clare
881 1599 930 1628 ac
948 1582 1142 1629 dilucide
1165 1583 1433 1630 Manichaeo-

52 1670 152 1700 rum
172 1653 373 1699 haeresim
395 1652 546 1699 falsam
564 1670 650 1699 esse
673 1655 956 1700 convincunt.

117 1725 263 1771 XXII.
305 1724 475 1770 Horum
499 1725 636 1773 simile
670 1735 757 1781 est,
799 1725 918 1788 quod
950 1725 1003 1771 de
1032 1725 1291 1789 poenitendo
1315 1744 1433 1773 nunc

53 1795 212 1842 dicam.
238 1795 372 1851 Nam,
396 1805 446 1841 ut
462 1795 575 1841 inter
592 1812 738 1841 omnes
763 1812 887 1841 sanos
911 1806 1080 1842 constat
1096 1834 1107 1853 ,
1137 1807 1179 1842 et
1206 1796 1327 1861 quod
1350 1797 1434 1861 ipsi

56 1865 294 1911 Manichaei
306 1882 394 1910 non
417 1864 555 1913 solum
571 1865 761 1911 fatentur
777 1902 788 1921 ,
826 1865 899 1911 5οἀ
930 1877 972 1912 et
994 1867 1262 1930 praecipiunt
1284 1905 1294 1923 ,
1328 1868 1435 1913 utile

54 1946 116 1982 est
136 1936 351 1999 poenitere
374 1936 559 1999 peccati.
585 1936 706 1993 Quid
721 1953 799 1996 e00
816 1954 935 1982 nunc
954 1937 1000 1982 in
1020 1937 1136 1982 hanc
1157 1954 1245 1982 rem
1267 1938 1434 1984 divina-

53 2022 152 2070 rum
172 2006 501 2069 Scripturarum
522 2006 768 2051 testimonia
785 2023 916 2069 ‚quae
939 2023 1252 2072 usquequaque
1280 2008 1436 2055 diffusa

55 2066 186 2132 sunt,
215 2075 446 2136 colligam?
471 2076 562 2121 Vox
597 2086 659 2121 est
690 2076 817 2121 etiam
849 2077 929 2123 ista
962 2087 1131 2123 naturae
1168 2095 1178 2122 :
1218 2079 1435 2125 neminem

55 2113 237 2192 stultum
250 2146 311 2191 rei
337 2147 470 2207 hujus
495 2147 646 2192 notitia
671 2147 893 2192 deseruit:
917 2148 1004 2193 1100
1019 2148 1145 2193 nobis
1162 2149 1242 2194 nisi
1261 2151 1435 2213 penitus

54 2217 233 2263 insitum
254 2228 389 2274 esset,
421 2218 676 2282 periremus.
707 2219 854 2271 Potest
878 2218 1034 2283 aliquis
1069 2218 1210 2265 dicere
1230 2257 1240 2275 ,
1274 2238 1362 2266 11011
1395 2239 1437 2267 50

54 2305 272 2352 peccare:
262 2306 382 2334 n.0n
406 2300 546 2335 autem
568 2289 651 2334 sibi
679 2306 764 2335 esse
789 2290 823 2336 si
844 2290 1090 2353 peccaverit
1107 2290 1431 2369 poenitendum,

56 2357 178 2403 nulla
193 2358 417 2405 barbaries
436 2359 579 2406 dicere
603 2359 794 2429 audebit.
822 2362 935 2418 Quae
954 2378 1055 2407 cum
1070 2361 1131 2407 ita
1149 2361 1234 2406 sint
1250 2379 1436 2441 ‚quaero

60 2445 108 2474 ex
134 2428 308 2474 duobus
327 2429 412 2475 illis
437 2431 665 2491 generibus
688 2424 954 2489 animarum,
979 2435 1103 2492 cujus
1138 2431 1191 2477 sit
1221 2434 1436 2496 poeniteie

57 2499 264 2562 peccati?
287 2488 387 2546 Scio
410 2500 589 2565 quidem
617 2518 756 2565 neque
787 2502 903 2548 illius
933 2519 1020 2548 esse
1041 2519 1185 2566 posse,
1214 2503 1290 2566 qui
1325 2501 1437 2549 male

59 2569 222 2628 facere,
251 2587 391 2635 neque
410 2572 525 2620 illius
547 2573 624 2638 qui
643 2573 753 2620 bene
769 2573 908 2621 facere
923 2591 1013 2621 non
1032 2584 1174 2638 potest
1193 2591 1204 2620 ε
1229 2590 1362 2639 quare
1389 2586 1436 2621 ut

109 2654 120 2678 ¹
139 2666 152 2686 1
174 2657 263 2687 Retr.
281 2666 359 2688 xm.
