1795 3253
156 283 329 316 CONTRA
366 281 663 313 FORTUNATUM
699 279 891 311 MANICH.
933 279 1193 311 DISPUTATIO
1226 282 1276 313 11.
1350 268 1410 329 03

0 370 4 399 t
45 349 92 395 in
114 359 204 395 toto
223 347 402 395 mundo.
434 346 667 410 Apostolus
698 345 855 391 etenim
888 344 1194 391 nominavitid
1222 346 1412 394 radicem

0 412 2 449 Ᾰ
45 437 131 466 6556
169 420 382 467 malorum
419 418 702 482 cupiditatem
719 455 730 474 ,
771 433 859 462 11οη
892 432 1027 461 unum
1064 417 1222 463 malum
1237 456 1246 474 ‚
1283 436 1414 482 quam

46 491 187 537 dixisti
218 491 409 538 radicem
451 491 646 536 omnium
678 488 907 534 malorum.
948 487 1178 550 Cupiditas
1201 506 1297 534 vero
1328 508 1414 536 non

47 580 134 608 uno
155 563 286 609 modo
312 561 583 621 intelligitur,
604 577 736 624 quam
755 558 900 604 dixisti
915 557 1104 603 radicem
1122 576 1206 604 esse
1222 561 1417 606 omnium

46 633 260 680 malorum
276 670 286 689 ‚
314 633 435 696 quasi
454 649 553 695 quae
578 632 623 677 in
652 630 915 693 corporibus
939 630 1095 675 nostris
1118 629 1251 674 solum
1275 647 1417 676 verse-

47 713 151 748 tur:
182 720 283 749 cum
319 713 485 748 constet
515 703 602 748 hoc
630 701 749 765 quod
787 702 832 745 in
866 699 992 745 nobis
1015 710 1208 745 versatur
1228 701 1416 758 malum,

47 790 95 818 ex
121 784 294 819 auctore
331 772 446 818 malo
473 771 751 827 descendere,
779 781 819 816 et
849 770 1175 834 portiunculam
1212 788 1292 816 esse
1318 772 1420 817 mali

47 844 163 889 hanc
183 844 372 890 radicem
394 859 525 906 quam
545 853 593 888 tu
616 860 701 888 esse
721 842 829 888 dicis
854 859 864 886 z
898 851 946 886 ut
974 857 1062 885 non
1082 840 1137 885 sit
1164 841 1253 904 ipsa
1275 842 1416 899 radix,

48 913 121 959 sed
145 914 199 960 sit
215 913 495 978 portiuncula
513 913 633 969 mali,
652 917 741 974 ejus
758 911 860 958 mali
883 910 1002 975 quod
1023 911 1187 974 ubique
1212 923 1413 960 versatur.

51 984 193 1040 Quam
220 984 409 1030 radicem
435 994 477 1029 et
511 984 711 1029 arborem
749 982 908 1028 malam
936 982 1149 1027 Dominus
1172 994 1311 1028 noster
1337 1002 1421 1046 ap—

49 1054 252 1118 pellavit,
279 1071 505 1118 nunquam
527 1055 695 1101 fructus
714 1055 852 1099 honos
876 1054 1116 1099 afferentem
1132 1090 1141 1107 ‚
1180 1071 1307 1117 quam
1334 1072 1421 1100 non

48 1124 260 1188 plantavit
297 1130 419 1172 Pater
459 1142 589 1181 suus,
635 1142 684 1171 ac
709 1125 864 1171 merito
900 1123 1107 1170 eradicari
1134 1134 1174 1170 et
1206 1125 1246 1170 in
1280 1126 1420 1185 ignem

49 1195 206 1242 mitti‘l.
233 1197 343 1242 Nam
369 1196 488 1259 quod
513 1196 643 1251 dicis,
667 1195 897 1241 contrariae
916 1205 1083 1240 naturae
1102 1207 1328 1258 peccatum
1350 1196 1422 1241 de-

50 1266 152 1312 bere
174 1267 416 1331 imputari?
441 1267 512 1312 illa
540 1278 694 1313 natura
718 1266 819 1312 mali
839 1277 900 1312 est
922 1284 932 1311 ε
963 1277 1004 1311 et
1022 1265 1066 1311 id
1091 1283 1175 1311 esse
1198 1278 1424 1330 peccatum

51 1337 207 1382 animae.
224 1374 235 1393 ,
273 1338 307 1383 si
341 1349 440 1401 post
464 1338 849 1384 commonitionem
876 1337 1112 1382 Salvatoris
1133 1338 1263 1382 nostri
1289 1349 1329 1382 et
1354 1355 1425 1383 sa-

50 1425 151 1452 nam
175 1407 420 1453 doctrinam
451 1412 543 1468 ejus
566 1426 587 1453 a
609 1408 824 1454 contraria
847 1418 889 1453 et
914 1407 1090 1453 inimica
1124 1409 1189 1452 sui
1218 1409 1349 1472 stirpe
1383 1426 1425 1453 se

51 1481 334 1540 segregaverit
351 1481 511 1536 anima,
532 1492 574 1526 et
592 1482 846 1545 purioribus
866 1498 908 1527 se
927 1480 1141 1526 adornans
1159 1482 1296 1527 anima
1314 1520 1325 1538 ‚
1351 1482 1426 1528 ali-

51 1559 115 1594 ter
137 1567 225 1595 non
248 1567 373 1614 posse
403 1551 655 1597 substantiae
691 1568 779 1597 suae
804 1551 941 1598 reddi.
981 1551 1160 1597 Dictum
1188 1563 1245 1597 est
1271 1553 1383 1598 enim
1410 1571 1420 1598 :

51 1641 71 1661 α
100 1620 145 1666 Si
169 1637 258 1666 non
277 1621 484 1667 venissem
508 1632 549 1667 et
573 1621 746 1667 locutus
773 1622 831 1667 eis
857 1621 1032 1667 fuissem
1051 1659 1062 1677 ,
1089 1634 1315 1685 peccatum
1339 1641 1427 1668 non

52 1711 73 1732 ›>
91 1690 319 1738 haberent.
345 1692 379 1735 N
387 1708 472 1737 unc
490 1709 591 1737 vero
610 1692 711 1755 quia
731 1692 828 1738 veni
848 1729 858 1747 ‚
886 1702 927 1737 et
949 1691 1121 1737 locutus
1141 1710 1231 1738 sum
1251 1731 1261 1749 ,
1293 1704 1334 1738 et
1352 1711 1428 1739 no-

53 1783 74 1803 »
93 1761 270 1807 luerunt
301 1762 412 1808 mihi
443 1762 639 1819 credere,
667 1763 840 1809 veniam
872 1761 925 1808 de
957 1774 1138 1826 peccato
1169 1781 1252 1810 non
1284 1765 1427 1810 habe-

53 1854 73 1874 »
91 1832 246 1880 bunt2.
286 1832 411 1878 Unde
429 1844 548 1896 patet
566 1845 680 1880 recte
702 1851 787 1879 esse
816 1833 1124 1897 poenitentiam
1154 1834 1299 1881 datam
1329 1847 1428 1900 post

53 1902 288 1948 adventum
308 1903 542 1949 Salvatoris
560 1942 570 1960 ,
595 1915 636 1950 et
655 1915 754 1969 post
771 1905 887 1949 hanc
905 1904 1126 1950 scientiam
1150 1922 1292 1952 rerum
1309 1945 1320 1963 ‚
1343 1924 1429 1970 qua

55 1973 190 2036 possit
213 1973 379 2030 anima,
404 1990 453 2019 ac
472 1974 506 2019 si
525 1974 674 2020 divino
696 1974 814 2019 fonte
833 1974 921 2019 lota
934 2011 945 2029 ,
972 1973 1025 2019 de
1042 1974 1240 2021 sordibus
1259 1988 1300 2022 et
1316 1978 1430 2024 vitiis

59 2054 148 2089 tam
181 2044 334 2089 mundi
368 2045 529 2101 totius,
573 2062 704 2108 quam
739 2061 975 2108 corporum
1004 2047 1050 2090 in
1086 2046 1246 2109 quibus
1283 2048 1431 2094 eadem

59 2114 201 2159 anima
223 2124 442 2170 versatur,
475 2132 606 2174 regno
633 2115 711 2160 Dei
729 2152 740 2170 ,
768 2115 883 2160 unde
907 2132 1130 2178 progressa
1157 2127 1245 2173 est,
1272 2135 1429 2182 reprae-

58 2183 228 2230 sentari.
272 2184 386 2229 Nam
413 2183 582 2230 dictum
616 2195 678 2230 est
703 2185 757 2230 ab
784 2185 1014 2248 Apostolo,
1052 2186 1173 2250 quod
1199 2189 1431 2251 prudentia

60 2254 200 2300 carnis
221 2254 397 2300 inimica
413 2255 468 2299 sit
489 2257 580 2301 Deo
604 2273 614 2301 ι
636 2277 655 2296 «
673 2256 776 2316 Legi
796 2257 911 2302 enim
930 2256 1008 2301 Dei
1028 2274 1116 2302 non
1136 2269 1197 2304 est
1218 2261 1429 2320 subjecta,

60 2346 81 2367 >2
101 2342 179 2370 nec
204 2325 318 2371 enim
338 2326 524 2389 potest3.
553 2348 574 2368 >2
599 2327 720 2372 Patet
744 2344 843 2387 ergo
864 2327 933 2372 his
956 2326 1086 2373 rebus
1102 2366 1112 2385 ,
1146 2330 1264 2393 quod
1290 2332 1431 2378 anima

61 2396 178 2442 bona
193 2434 204 2452 ‚
230 2396 415 2442 factione
431 2397 547 2443 illius
566 2415 667 2462 quae
688 2398 770 2458 legi
790 2398 868 2444 Dei
888 2416 976 2444 non
1001 2409 1062 2444 est
1085 2400 1278 2460 subjecta
1294 2440 1304 2459 ‚
1326 2420 1434 2466 pec—

62 2485 160 2514 care
182 2466 378 2525 videtur,
412 2485 500 2514 non
535 2486 609 2515 sua
640 2479 806 2532 sponte.
841 2470 1039 2533 Namque
1071 2469 1186 2516 idem
1211 2473 1430 2536 sequitur,

61 2538 184 2604 quod
213 2559 235 2581 c<
256 2539 367 2585 Caro
391 2540 664 2605 concupiscit
694 2539 895 2587 adversus
923 2541 1155 2604 spiritum,
1182 2554 1224 2588 et
1258 2545 1435 2608 spiritus

111 2623 123 2645 ¹
141 2620 258 2656 Matth.
275 2632 336 2667 vu,
354 2633 407 2664 17,
424 2628 456 2655 et
471 2634 524 2664 xv,
541 2625 596 2661 13.
610 2640 656 2648 --
670 2620 792 2657 ²Joan.
805 2634 874 2665 xix,
896 2635 951 2658 22.
970 2642 1014 2651 -
1030 2621 1046 2650 3
1059 2626 1156 2660 Rom.
1172 2635 1248 2672 vm,
1269 2639 1298 2668 7.
