1795 3253
235 331 411 361 comm
446 329 648 361 unsrun
683 330 983 370 mmeriffiun,
1022 331 1112 362 Lm.
1156 332 1245 362 xvi.
1347 314 1434 375 «457

73 402 252 450 tilentiae
271 419 359 448 non
375 402 510 465 possit
523 403 704 466 opponi.
727 403 974 460 Quinetiam
999 403 1059 449 sic
1077 414 1116 449 te
1130 403 1275 449 doceri
1290 403 1435 466 cupis,

74 484 123 520 ut
145 472 442 519 Christianum
468 473 686 519 Thomam
709 472 745 529 1,
765 490 893 537 quem
916 473 1118 519 Christus
1149 496 1169 515 «
1188 474 1253 519 De
1279 491 1320 518 se
1355 473 1443 517 du-

73 544 283 590 bitantem
308 559 396 588 non
415 553 474 588 est
504 553 771 606 aspernatUS‚
803 542 875 588 sed
901 560 990 607 quo
1012 544 1143 589 animi
1164 547 1254 603 ejus
1289 543 1445 588 vulne-

74 614 198 660 ribus
213 612 473 668 mederetur,
502 614 698 677 corporis
724 613 789 660 sui
816 613 1038 659 cicatrices
1063 613 1262 660 ostendit.
1283 634 1304 654 ⁵>
1337 613 1445 657 Haec

75 684 207 730 verba
238 694 313 729 tua
338 694 452 731 sunt.
490 685 606 730 Bene
633 684 750 749 quod
788 683 847 730 sic
879 694 919 729 te
945 683 1091 730 doceri
1125 684 1265 743 exigis
1303 683 1447 739 Quam

75 754 189 800 enim
223 754 427 810 verebar⁵
457 771 511 799 ne
539 754 625 800 hoc
650 771 825 819 quoque
851 756 897 799 in
925 754 1157 814 Evangelio
1180 753 1337 800 falsum
1362 769 1447 797 esse

75 823 367 872 contenderes,
394 823 533 870 Crede
557 841 656 884 ergo
677 824 957 871 cicatricibus
983 824 1149 870 Christi
1177 842 1186 868 :
1209 824 1310 887 quia
1333 822 1363 868 si
1389 822 1447 867 ci-

75 896 253 942 catrices
272 893 359 940 illae
375 911 489 940 verae
511 905 649 951 erant,
680 912 779 942 vera
807 895 933 941 etiam
961 894 1036 939 illa
1058 894 1235 940 vulnera
1254 893 1447 945 fucrant3

76 983 156 1012 nec
181 981 281 1010 vera
307 964 512 1021 vulnera,
540 965 620 1011 nisi
643 983 742 1011 vera
765 983 866 1012 caro
890 965 1051 1010 habere
1082 964 1294 1028 potuisset
1315 981 1325 1008 ε
1362 963 1449 1008 hoc

76 1052 227 1082 verum
252 1045 392 1080 totum
420 1046 606 1081 vestrum
631 1037 783 1082 evertit
806 1053 1008 1082 errorem.
1036 1036 1173 1081 Porro
1198 1034 1230 1080 si
1250 1034 1450 1080 Christus

79 1105 209 1152 falsas
230 1105 452 1151 cicatrices
473 1105 693 1152 dubitanti
723 1107 948 1171 Discipulo
975 1105 1304 1160 demonstravit,
1327 1115 1368 1149 et
1390 1104 1463 1167 ip-

80 1193 172 1222 sum
188 1175 383 1221 fallacem
398 1175 575 1222 dicisita
588 1176 834 1233 docentem,
861 1187 902 1222 et
922 1188 960 1222 te
973 1176 1062 1222 falli
1084 1176 1209 1240 cupis
1227 1176 1286 1221 ita
1309 1174 1455 1220 dicen-

81 1257 182 1293 tem.
215 1245 299 1292 Sed
323 1247 425 1310 quia
443 1246 535 1292 falli
553 1264 680 1293 nemo
694 1248 841 1312 estqui
856 1247 974 1302 velit,
996 1246 1146 1292 fallere
1166 1257 1307 1291 autem
1329 1242 1457 1289 multi

82 1317 253 1373 volunt,
273 1317 406 1378 magis
427 1327 466 1363 te
487 1317 593 1364 velle
620 1317 810 1378 intelligo
828 1318 951 1382 quasi
976 1317 1170 1380 exemplo
1192 1314 1355 1360 Christi
1377 1312 1456 1358 fal-

82 1388 234 1436 laciter
249 1387 405 1434 docere
419 1425 430 1444 ‚
450 1405 583 1453 quam
607 1389 800 1452 exemplo
826 1388 1010 1434 Thomae
1042 1386 1253 1433 fallaciter
1273 1383 1451 1430 discere.

85 1458 276 1505 Proinde
298 1458 333 1505 si
350 1458 489 1505 credis
504 1458 623 1523 quod
646 1458 763 1505 falsis
783 1458 1063 1505 cicatricibus
1085 1457 1286 1503 Christus
1300 1453 1457 1500 fefelle-

85 1530 142 1577 rit
163 1530 436 1576 dubitantem
455 1567 466 1582 ,
501 1541 541 1575 te
563 1530 661 1594 quis
686 1529 789 1576 velit
815 1528 987 1575 credere
1023 1528 1268 1581 docentem,
1298 1542 1345 1571 ac
1371 1540 1458 1569 non

87 1602 235 1668 potius
257 1618 408 1648 cavere
426 1600 672 1648 fallentem?
700 1604 756 1648 At
780 1601 814 1647 si
835 1601 907 1648 illc
934 1599 1192 1663 Discipulus
1215 1614 1336 1642 veras
1359 1596 1472 1640 cica-

88 1673 217 1719 trices
248 1673 387 1732 tetigit
415 1672 604 1728 Christi,
628 1689 774 1718 veram
803 1671 1000 1718 confiteri
1032 1669 1195 1728 cogeris
1226 1677 1268 1712 et
1292 1681 1466 1710 carnem

92 1742 272 1789 Christi.
303 1743 369 1787 lta
388 1742 662 1787 Manichacus
686 1757 774 1785 non
794 1739 1082 1802 permanebis,
1106 1737 1140 1783 si
1164 1736 1224 1782 sic
1247 1734 1398 1781 credas
1419 1744 1468 1778 ut

94 1813 288 1858 Thomas
307 1810 524 1858 :infidelis
544 1821 686 1857 autem
714 1809 981 1865 ren1anebis‚
1007 1810 1041 1854 si
1063 1825 1143 1854 nec
1169 1807 1230 1853 sic
1258 1804 1396 1852 credis
1423 1814 1470 1850 ut

105 1884 130 1928 Γ
134 1883 302 1930 homas,

147 1971 158 1992 ¹
177 1973 275 2002 Joan.
293 1980 324 2006 x,
344 1980 396 2008 27.
