1795 3253
274 300 448 332 CONTRA
483 300 684 332 FAUSTUM
717 299 1019 343 MANICHAEUM,
1058 303 1145 334 ΠΒ.
1188 305 1258 335 xx.
1369 290 1461 336 515

90 365 376 412 numerabilia
391 403 401 420 ‚
431 382 531 429 quae
554 364 749 411 similiter
771 364 962 412 deliratis
977 404 988 422 ,
1016 369 1193 414 omnino
1218 387 1306 415 non
1331 381 1430 416 sunt
1450 408 1461 426 ,

91 446 133 481 et
161 436 299 482 colitis
312 454 374 483 ea.
400 438 515 482 Hinc
534 454 609 483 vos
627 437 809 496 Paganis
827 436 1013 483 dicimus
1035 438 1284 496 deteriores,
1308 458 1356 486 eo
1374 452 1465 487 tan-

90 517 184 552 tum
207 507 362 553 similes
378 544 388 563 ,
416 507 532 570 quod
560 506 719 553 multos
744 506 844 552 deos
869 508 1007 554 colitis
1032 527 1042 554 :
1065 527 1114 555 eo
1133 527 1234 556 vero
1263 511 1309 557 in
1334 517 1462 575 pejo-

92 597 182 626 rem
204 591 372 644 partem
397 580 645 636 dissimiles,
673 580 793 644 quod
822 580 885 626 illi
914 599 995 645 pro
1023 582 1105 628 diis
1126 601 1174 629 ea
1198 584 1349 630 colunt
1366 602 1466 649 quae

91 661 217 707 sunt,
245 651 316 697 sed
345 651 406 697 dii
430 668 519 697 non
539 661 639 697 sunt
663 668 674 695 ι
703 668 777 696 vos
810 662 954 697 autem
980 652 1119 699 colitis
1149 671 1218 709 ea,
1254 671 1354 717 quae
1384 673 1464 701 nec

92 721 154 766 dii
179 758 190 778 ,
220 738 299 767 nec
321 721 487 785 aliquid
506 732 606 767 sunt
621 759 631 777 ‚
654 721 861 786 quoniam
886 740 1065 785 prorsus
1085 723 1204 770 nulla
1231 736 1344 771 sunt.
1374 726 1470 772 Ha-

90 792 198 836 bent
226 792 405 855 quidem
432 803 473 838 et
497 792 562 838 illi
585 792 789 855 quaedam
809 791 1007 838 fabulosa
1026 794 1232 852 figmenta
1251 832 1262 851 ,
1288 795 1359 841 sed
1388 813 1474 842 esse

90 862 183 907 illas
199 862 368 908 fabulas
386 874 571 916 norunt3
594 873 635 908 et
655 863 722 909 vel
738 881 759 908 a
774 863 917 927 poetis
931 863 1174 910 delectandi
1196 882 1322 912 causa
1346 868 1470 913 fictas

90 949 177 977 esse
194 944 385 978 asserunt
404 970 414 988 ,
439 933 506 979 vel
528 951 595 979 eas
620 933 673 978 ad
699 944 900 979 naturam
924 951 1068 980 rerum
1088 935 1155 981 vel
1173 953 1311 982 mores
1324 937 1475 982 homi-

91 1019 196 1047 num
218 1003 493 1066 interpretari
517 1014 732 1049 conantur
761 1022 771 1048 ε
800 1004 913 1050 sicut
947 1004 1196 1051 Vulcanum
1225 1006 1431 1053 claudum
1453 1045 1465 1065 ,

91 1077 191 1139 quia
205 1076 312 1136 ignis
329 1077 484 1121 terreni
495 1087 637 1121 motus
655 1076 865 1136 ejusmodi
878 1088 939 1122 est
955 1097 966 1131 ;
984 1088 1024 1122 et
1040 1079 1272 1124 Fortunam
1288 1097 1467 1137 caecam,

89 1146 208 1209 quod
232 1164 278 1192 ex
300 1147 462 1192 incerto
482 1147 710 1203 accidant,
734 1164 834 1210 quae
855 1147 1036 1192 fortuita
1059 1147 1291 1203 dicuntur;
1319 1161 1361 1195 et
1387 1152 1468 1197 tria

93 1218 197 1262 Fata
216 1217 261 1262 in
279 1217 373 1262 colo
394 1228 435 1262 et
449 1216 544 1263 fuso
566 1217 799 1281 digitisque
823 1219 945 1263 filum
965 1236 1011 1263 ex
1030 1218 1126 1264 lana
1147 1222 1468 1283 torquentibus,

89 1298 270 1351 propter
292 1289 371 1333 tria
396 1299 617 1351 tempora,
649 1288 920 1351 praeteritum
943 1288 1061 1351 quod
1088 1290 1131 1334 in
1154 1288 1250 1335 fuso
1272 1294 1362 1350 jam
1387 1310 1468 1339 ne-

90 1368 183 1403 tum
206 1369 332 1421 atque
352 1357 599 1403 involutum
620 1368 698 1411 est3
723 1375 912 1420 praesens
931 1358 1049 1421 quod
1067 1359 1178 1405 inter
1197 1360 1352 1422 digitos
1366 1381 1472 1409 nen-

89 1428 142 1473 tis
160 1429 398 1488 trajicitur;
421 1427 621 1474 futurum
646 1429 688 1473 in
710 1428 832 1483 lana,
861 1445 962 1492 quae
988 1429 1085 1474 colo
1115 1430 1337 1494 implicata
1369 1446 1431 1481 est
1452 1473 1463 1491 ,

89 1498 209 1561 quod
229 1499 376 1544 adhuc
407 1516 485 1562 per
515 1499 671 1559 digitos
695 1499 837 1544 nentis
861 1499 914 1545 ad
940 1499 1108 1553 fusum,
1149 1512 1355 1565 tanquam
1388 1523 1469 1568 per

88 1586 279 1632 praesens
319 1569 374 1615 ad
413 1569 686 1633 praeteritum
723 1568 1028 1629 trajiciendum
1058 1581 1142 1625 est3
1179 1582 1220 1617 et
1258 1574 1467 1622 Venerem

89 1639 273 1684 Vulcani
301 1657 494 1694 uxorem,
517 1639 616 1702 quia
644 1656 690 1684 ex
715 1638 855 1684 calore
879 1639 1079 1701 voluptas
1096 1642 1347 1689 naturaliter
1364 1663 1467 1691 nas-

89 1710 220 1767 citur,
241 1721 281 1755 et
298 1711 447 1755 Martis
464 1709 703 1754 adulteram
720 1708 823 1771 quia
842 1708 1198 1768 belligerantibus
1222 1713 1462 1775 incongrua

89 1791 169 1833 est;
181 1790 223 1825 et
240 1779 500 1842 Cupidinem
514 1795 698 1842 puerum
707 1778 959 1824 volitantem
973 1796 1021 1825 ac
1033 1780 1304 1839 sagittantem
1314 1821 1324 1840 ,
1343 1786 1464 1848 quod

87 1850 395 1896 irrationabilis
412 1860 452 1895 et
464 1849 679 1894 instabilis
693 1866 814 1893 amor
827 1849 959 1894 corda
971 1850 1165 1896 vulneret
1181 1854 1430 1902 miserorum
1446 1875 1456 1902 :

86 1928 128 1966 et
150 1921 231 1966 alia
248 1921 464 1984 permulta
481 1921 524 1965 in
542 1920 664 1964 hunc
685 1919 878 1965 modum.
896 1920 1113 1975 Quocirca
1130 1922 1277 1970 hocin
1293 1926 1458 1974 eisirri-

87 1991 237 2037 demus
249 2029 259 2047 ,
281 1991 398 2055 quod
412 1992 693 2053 interpretata
713 1991 772 2035 sic
790 1990 989 2045 adorant,
1005 2009 1201 2054 quaenon
1221 1995 1454 2057 intellecta,

85 2063 282 2125 quamvis
302 2061 626 2117 damnabiliter,
648 2072 792 2107 tamen
811 2062 1094 2108 excusabilius
1112 2064 1352 2115 adorarent.
1377 2070 1459 2133 Ip-

87 2132 141 2177 sis
167 2133 333 2196 quippe
352 2132 781 2195 interpretationibus
800 2132 1135 2190 convincuntur,
1163 2153 1250 2182 non
1268 2155 1310 2183 se
1332 2139 1457 2187 illum

88 2202 228 2248 Deum
256 2203 416 2258 colere,
446 2207 570 2262 cujus
593 2202 720 2248 solius
736 2202 1071 2266 participatione
1095 2222 1212 2252 mens
1231 2208 1359 2255 beata
1378 2213 1451 2269 fit,

88 2273 160 2319 sed
191 2274 247 2319 ab
269 2274 343 2319 illo
366 2273 586 2320 conditam
612 2285 854 2320 creaturam
880 2292 891 2318 ι
910 2292 988 2320 nec
1002 2275 1110 2322 solas
1126 2277 1304 2325 virtutes
1320 2281 1457 2345 ipsius

87 2354 314 2398 creaturae,
336 2345 447 2390 sicut
462 2345 717 2400 Minervam,
740 2348 864 2404 cujus
880 2344 1072 2391 fabulam
1087 2384 1098 2403 ,
1126 2349 1246 2411 quod
1260 2349 1314 2396 de
1335 2352 1457 2399 Jovis

88 2414 230 2477 capite
249 2425 349 2460 nata
374 2415 455 2471 sit,
484 2415 539 2461 ad
563 2415 841 2479 prudentiam
865 2416 1145 2463 consiliorum
1161 2419 1454 2485 interpretan-

88 2495 177 2540 tur,
196 2503 296 2549 quae
322 2487 500 2532 rationis
527 2497 588 2532 est
618 2486 823 2549 propria,
853 2486 923 2532 cui
954 2487 1096 2533 sedem
1132 2490 1286 2553 capitis
1321 2494 1450 2540 etiam

88 2554 214 2601 Plato
239 2555 384 2614 dedit,
410 2556 483 2603 sed
500 2556 629 2603 etiam
651 2556 778 2614 vitia,
807 2558 919 2603 sicut
934 2557 988 2604 de
1015 2558 1234 2623 Cupidine
1248 2561 1447 2612 diximus,

1218 2655 1293 2703 33.
