1795 3253
101 302 275 335 CONTRA
310 300 578 333 AnlMANrUM
614 300 848 332 MANICHAEI
886 302 1104 332 DISOEPUL.
1149 305 1234 333 Lm,
1281 307 1308 335 Ι.
1385 292 1468 353 137

99 379 121 412 5>
146 385 315 416 carnem
332 405 342 424 ,
370 371 492 427 juxta
524 368 792 430 voluptatem
816 383 947 430 quam
979 366 1098 412 dedit
1125 368 1202 414 tibi
1238 370 1463 418 Dominus.

99 451 120 482 ἡ)
141 441 255 486 Cave
280 449 421 485 autem
444 455 496 484 ne
521 437 768 498 sanguinem
788 438 1021 483 manduces
1037 476 1047 495 ‚
1075 440 1147 485 sed
1172 441 1342 486 effunde
1370 453 1470 488 tan-

98 531 119 552 »
143 527 276 574 quam
302 525 457 571 aquam
481 525 610 571 super
642 507 841 554 terram'l.
872 529 891 548 >³
927 509 1005 554 llis
1029 511 1172 555 verbis
1208 512 1332 570 Legis
1359 512 1471 558 Adi-

97 590 268 626 mantus
293 580 554 624 eontrarium
577 595 661 624 esse
680 578 919 623 arbitratur
935 579 1053 641 quod
1067 580 1112 625 111
1134 581 1366 640 Evangelio
1386 582 1471 627 Do-

96 650 240 695 minus
275 649 332 693 ait
366 667 376 694 :
414 671 434 690 «
465 650 526 694 Ne
563 658 795 709 graventur
820 648 952 694 eorda
981 660 1119 696 vestra
1145 650 1358 696 cruditate
1381 689 1391 707 ‚
1430 663 1472 697 et

96 740 118 761 »
145 719 376 765 vinolentia
391 756 402 774 ,
427 719 597 764 61611115
623 718 951 765 saecularibus'2.
978 741 997 761 »
1021 721 1076 764 Et
1100 720 1219 784 quod
1242 721 1301 765 ait
1328 723 1472 784 Apos-

95 790 208 836 tolus
232 807 243 834 :
260 810 280 831 t<
294 790 465 834 Bonum
486 799 548 834 est
566 807 654 834 non
674 789 938 834 manducare
959 807 1150 847 earnem,
1169 808 1307 854 neque
1321 792 1472 838 bibere

95 882 116 903 »
141 860 334 907 1110111113.
357 882 377 902 >>
415 861 471 904 Ε1
498 860 655 906 iterum
685 879 695 905 z
727 882 745 902 c<
765 862 862 907 Non
892 862 1071 924 potestis
1101 880 1261 908 mensae
1294 864 1472 909 Domini

94 952 116 973 »
135 931 483 985 communicare,
517 941 558 975 et
577 948 735 976 mensae
759 931 1077 977 daemoniorum
1098 931 1131 978 Δ.
1158 953 1178 973 »
1215 933 1303 977 Nos
1328 944 1471 978 autem

96 1001 240 1046 onmia
271 1001 370 1046 haee
387 1038 397 1057 ,
430 1001 516 1047 sive
536 1017 637 1064 quae
662 1002 707 1046 in
731 1002 902 1057 Veteri,
931 1002 1018 1048 sive
1038 1019 1137 1064 quae
1154 1002 1199 1046 in
1221 1004 1344 1048 Novo
1366 1004 1472 1048 Tes-

94 1081 284 1116 tamento
315 1070 476 1134 scripta
514 1081 640 1125 sunt,
672 1081 714 1115 et
740 1071 825 1116 suis
851 1071 988 1116 causis
1019 1071 1287 1130 exigentibus
1330 1072 1472 1134 posita

93 1140 303 1195 dicimus,
332 1151 375 1184 et
399 1141 482 1185 sibi
507 1140 684 1187 adversa
716 1158 802 1186 non
839 1159 924 1186 esse
961 1152 1265 1187 monstramus.
1314 1144 1472 1198 Quan-

91 1227 223 1274 quam
241 1219 282 1255 et
295 1211 387 1273 ipse
401 1210 446 1254 in
457 1211 525 1255 his
538 1212 681 1255 verbis
693 1227 792 1272 quae
801 1210 947 1273 posuit
961 1210 1014 1255 de
1024 1212 1165 1257 Veteri
1177 1213 1467 1269 'l'estamento,

93 1279 431 1326 animadvertere
464 1279 633 1342 potuit‚
680 1297 769 1324 11011
795 1280 848 1325 ad
882 1281 1213 1326 immoderatam
1255 1283 1470 1328 voracita-

94 1361 177 1396 tem
222 1350 437 1414 pertinere
469 1349 595 1412 -quod
634 1349 801 1394 dietum
834 1360 895 1394 est
930 1368 939 1393 :
976 1351 1267 1396 «Secundum
1301 1351 1472 1398 deside-

91 1443 114 1463 »
139 1422 250 1466 rium
272 1421 428 1466 animae
448 1431 535 1465 tuae
557 1419 707 1465 occide
734 1430 775 1464 et
799 1420 1016 1466 manduca
1034 1438 1205 1466 0111116111
1226 1438 1397 1467 carnem
1419 1440 1430 1467 ι
1449 1443 1470 1464 »

91 1491 269 1555 quando
302 1491 496 1554 sequitur
533 1508 543 1534 ε
583 1495 745 1535 «Juxta
770 1490 1040 1552 voluptatem
1074 1509 1206 1554 quam
1237 1491 1357 1537 dedit
1382 1491 1466 1538 tibi

92 1584 112 1604 »
137 1562 360 1608 Dominus.
387 1584 406 1604 2>
433 1560 767 1606 immoderatam
797 1560 912 1605 enim
939 1560 1208 1623 voluptatem
1233 1579 1321 1607 non
1352 1562 1473 1608 dedit
1496 1575 1509 1589 ’-

91 1632 173 1677 tibi
196 1632 404 1677 Dominus
420 1668 430 1687 ‚
459 1631 531 1676 sed
552 1641 715 1693 quanta
739 1631 1041 1676 sustentationi
1063 1642 1231 1677 naturae
1254 1632 1471 1696 salutique

91 1702 289 1749 sufficiat.
329 1702 538 1766 Quisquis
570 1713 714 1747 autem
750 1702 946 1765 sequitur
979 1702 1311 1748 immoderatam
1340 1720 1469 1749 vora-

91 1772 265 1818 citatem
285 1809 296 1828 ,
336 1789 460 1817 suum
496 1772 649 1817 vitium
687 1772 896 1834 sequitur,
938 1789 1025 1816 non
1062 1789 1156 1817 eam
1196 1772 1471 1836 voluptatem

90 1859 223 1906 quam
254 1842 376 1888 dedit
402 1842 613 1887 Dominus
645 1860 655 1886 :
689 1853 731 1886 et
751 1841 848 1887 ideo
869 1859 956 1886 non
981 1853 1041 1887 est
1062 1843 1329 1888 contrarium
1351 1842 1472 1906 quod

91 1913 136 1958 in
155 1913 390 1972 Evangelio
409 1913 602 1977 positum
628 1923 690 1958 est
716 1930 726 1956 :
756 1934 775 1953 «
793 1914 891 1958 Non
914 1923 1147 1972 graventur
1171 1913 1304 1958 corda
1333 1924 1473 1960 vestra

92 2003 112 2024 >³
134 1983 350 2029 cruditate
372 2020 382 2038 ,
410 1994 451 2027 61
474 1983 712 2028 vinolentia
726 2019 737 2038 ‚
759 1993 801 2027 61
824 1982 941 2028 euris
959 1982 1243 2028 saecularibus
1264 1984 1296 2030 6.
1318 2004 1337 2024 »
1358 1984 1473 2029 Cum

91 2053 206 2098 enim
230 2053 412 2116 quisque
432 2069 520 2097 non
538 2053 675 2114 replet
702 2053 782 2097 nisi
803 2071 895 2098 eam
918 2053 1187 2117 voluptatem
1202 2090 1212 2109 ,
1237 2070 1367 2116 quam
1386 2054 1473 2099 Do-

92 2123 236 2169 minus
257 2122 401 2178 dedit,
438 2122 482 2168 id
515 2132 605 2178 est,
641 2122 881 2169 modestam
918 2134 1047 2186 atque
1082 2124 1351 2181 naturalem,
1386 2142 1475 2171 non

91 2204 295 2254 gravatur
318 2210 393 2239 cor
411 2195 504 2251 ejus
525 2192 740 2239 cruditate
757 2230 769 2250 ,
792 2204 834 2239 61
851 2192 1108 2249 vinolentia,
1135 2205 1177 2239 et
1201 2195 1316 2240 curis
1332 2211 1473 2241 516611-

89 2263 270 2310 laribus.

157 2336 222 2380 De
241 2352 370 2381 carne
391 2346 535 2381 autem
557 2353 646 2380 non
660 2335 969 2382 manducanda
982 2346 1023 2382 et
1032 2352 1120 2381 non
1138 2335 1335 2381 bibendo
1349 2335 1469 2392 vino,

91 2405 211 2469 quod
237 2405 296 2450 ait
322 2405 557 2468 Apostolus
575 2443 586 2459 ‚
613 2423 701 2451 non
730 2407 832 2469 quia
863 2405 937 2451 illa
967 2405 1197 2452 immunda
1236 2406 1473 2451 arbitratus

91 2487 179 2532 est,
202 2476 289 2521 1106
321 2477 534 2540 praecepit
551 2514 562 2533 ‚
590 2477 702 2522 516111
734 2478 803 2523 isti
826 2477 1069 2523 existimant
1087 2514 1097 2530 ‚
1137 2487 1178 2522 et
1204 2486 1395 2522 errantes
1425 2476 1472 2522 in

140 2569 150 2588 ¹
166 2570 260 2599 Deut.
282 2578 339 2606 xn,
357 2569 409 2600 15,
423 2587 460 2592 —-
484 2567 499 2590 2
516 2571 591 2600 Luc.
609 2579 674 2607 xxi,
693 2570 746 2606 34.
765 2587 805 2593 -
821 2567 835 2591 3
849 2572 945 2601 Rom.
962 2580 1030 2612 xxv,
1055 2579 1110 2600 21.
1131 2587 1173 2594 —-
1190 2566 1204 2590 4
1229 2580 1240 2599 1
1265 2570 1340 2601 Cor.
1359 2580 1393 2613 x,
1417 2580 1456 2600 21

93 2640 135 2650 .-
157 2620 277 2654 ⁵Deut.
292 2633 352 2660 xn,
378 2623 428 2653 15.
451 2641 489 2646 --
513 2620 527 2644 6
544 2626 620 2656 Luc.
642 2634 710 2662 xxr,
730 2625 783 2661 34.
