1795 3253
359 375 414 404 DE
452 371 681 404 UTILITATE
717 370 960 413 cesimum,
1002 374 1088 405 Lm.
1133 378 1160 406 1.
1399 364 1459 410 35

90 441 241 486 111011113
260 443 350 500 ejus
372 439 500 485 oculo
521 476 532 495 ,
569 438 643 502 qui
684 454 731 483 ea
757 448 901 483 careat
921 475 931 494 ‚
959 439 1095 485 videri
1131 440 1194 486 fas
1221 453 1296 490 est.
1329 443 1465 490 Sensu

87 511 203 556 enim
224 510 419 574 corporis
441 524 733 573 quaecumque
761 508 1037 568 attingimus,
1066 509 1304 559 forinsecus
1338 514 1467 560 nobis

88 581 330 626 offeruntur
351 599 362 626 ε
387 592 429 627 01
447 580 544 626 ideo
561 579 662 625 licet
679 594 854 642 quoque
871 596 936 624 res
954 579 1111 626 alienas
1126 581 1262 628 oculis
1275 600 1465 641 cernere,

89 667 188 697 cum
212 668 361 697 earum
384 651 454 697 vel
478 653 568 710 ejus
599 649 761 707 generis
792 665 870 694 nos
901 649 1014 695 nihil
1037 649 1290 699 habeamus.
1333 654 1469 709 Quod

91 732 231 767 autem
262 721 485 767 intellectu
516 721 707 784 capitur,
741 719 858 765 intus
884 720 1003 783 apud
1028 721 1222 767 animum
1259 734 1321 769 est
1352 742 1362 769 ε
1390 743 1469 771 1100

87 790 134 836 id
160 791 324 837 habere
343 791 585 854 quidquam
603 800 665 835 est
681 789 800 835 aliud
820 827 831 846 ,
855 806 986 853 quam
1005 791 1165 838 videre.
1178 792 1307 839 Caret
1327 805 1470 841 autem

89 861 245 907 stultus
269 862 477 925 sapientia
497 879 508 906 ε
534 860 769 921 nonigitur
791 861 915 906 novit
937 862 1207 925 sapientiam.
1234 864 1331 909 Non
1356 866 1472 911 enim

89 932 225 979 oculis
248 950 342 978 eam
366 943 509 996 posset
526 931 671 978 videre
693 949 704 977 ε
727 948 816 976 11011
836 942 979 977 autem
996 943 1138 996 potest
1154 933 1299 980 videre
1323 946 1363 981 et
1383 954 1472 983 non

89 1003 273 1059 habere,
291 1020 430 1067 neque
451 1002 616 1048 habere
637 1019 686 1048 ac
710 1002 867 1048 stultus
888 1019 988 1049 esse.
1020 1003 1167 1049 Nescit
1183 1004 1301 1051 hanc
1318 1006 1468 1066 igitur,

94 1082 137 1117 et
157 1072 265 1119 dum
285 1073 423 1119 nescit
441 1110 452 1128 ,
490 1072 536 1118 111
560 1072 645 1118 alio
663 1072 761 1118 loco
786 1089 1043 1133 cognoscere
1060 1091 1148 1119 non
1176 1085 1331 1138 potest.
1373 1077 1471 1123 Non

88 1153 259 1206 potest,
292 1142 492 1206 quandiu
517 1142 674 1188 stultus
701 1153 786 1197 est,
809 1143 1042 1207 quisquam
1063 1145 1299 1191 certissima
1318 1149 1470 1207 cogni—

90 1213 208 1259 tione
228 1213 423 1260 invenire
446 1212 686 1276 sapientem
706 1251 716 1270 ,
747 1213 820 1259 0111
844 1214 1189 1278 obtemperando
1208 1226 1330 1262 tanto
1356 1217 1470 1264 stul—

89 1283 196 1329 titiae
215 1283 330 1330 malo
349 1284 573 1330 liberetur,

154 1355 318 1401 XXIX.
346 1354 461 1400 Huic
481 1353 612 1413 igitur
638 1363 727 1399 tam
747 1353 926 1399 immani
951 1353 1198 1401 difficultati
1221 1394 1231 1413 ,
1258 1359 1470 1420 quoniam

90 1424 144 1470 de
167 1425 372 1485 religione
395 1425 660 1488 quaerimus,
697 1426 812 1469 Deus
840 1423 954 1470 solus
981 1425 1143 1471 mederi
1163 1437 1304 1490 potest
1336 1446 1466 1492 quem

90 1495 172 1540 nisi
190 1505 232 1540 et
247 1505 334 1540 esse
353 1505 395 1540 et
418 1494 622 1540 humanis
643 1494 861 1539 mentibus
884 1495 1088 1557 opitulari
1115 1496 1331 1543 credimus
1350 1537 1360 1554 ,
1392 1518 1469 1547 nec

91 1581 282 1628 quaerere
305 1564 483 1628 quidem
502 1565 641 1627 ipsam
660 1582 805 1610 veram
826 1565 1077 1624 religionem
1103 1566 1325 1616 debemus.
1348 1571 1468 1627 Quid

93 1635 207 1681 enim
234 1635 410 1681 tandem
430 1645 552 1681 tanto
576 1634 798 1680 molimine
816 1635 1072 1696 investigare
1093 1638 1324 1701 cupimus?
1347 1641 1467 1698 Quid

91 1715 292 1769 optamus
312 1706 553 1765 attingere?
580 1705 680 1761 Quo
700 1705 924 1768 pervenire
942 1705 1262 1754 desideramus?
1290 1711 1436 1756 Eo-ne
1454 1749 1464 1768 ‚

90 1775 210 1838 quod
227 1792 314 1822 esse
335 1785 408 1821 aut
429 1775 483 1821 ad
509 1792 586 1821 nos
608 1775 824 1838 pertinere
845 1792 933 1821 non
957 1776 1206 1824 credimus?
1248 1778 1371 1827 Mhil
1404 1793 1467 1828 est

91 1845 168 1891 tali
190 1856 331 1892 mente
354 1846 611 1910 perversius.
634 1846 760 1891 Tunc
782 1862 883 1891 cum
906 1846 1171 1893 beneficium
1190 1866 1212 1894 a
1234 1866 1302 1896 me
1321 1862 1466 1914 petere

91 1927 179 1962 11011
200 1916 376 1962 auderes
391 1953 402 1973 ‚
422 1919 496 1962 aut
507 1926 620 1962 certe
643 1915 925 1980 impudenter
949 1916 1128 1964 auderes
1145 1956 1155 1974 ,
1176 1918 1470 1968 inventionem

93 1987 308 2047 religionis
317 1986 584 2050 postulatum
601 1986 720 2033 venis
735 2023 746 2042 ‚
770 2003 873 2032 cum
885 1987 1027 2033 Deum
1045 2005 1184 2052 neque
1198 2006 1285 2035 esse
1300 2028 1311 2047 ,
1331 2009 1470 2056 neque

93 2057 126 2102 si
153 2058 230 2114 sit,
252 2074 404 2104 curare
421 2075 500 2103 nos
522 2060 675 2120 putes?
701 2057 822 2114 Quid
853 2057 888 2103 si
916 2068 1037 2105 tanta
1059 2075 1124 2104 res
1154 2070 1244 2117 est,
1271 2079 1370 2125 quae
1388 2064 1468 2111 nisi

93 2127 242 2174 sedulo
269 2139 397 2192 atque
421 2128 624 2174 omnibus
643 2128 810 2174 viribus
835 2129 1018 2191 quaesita
1039 2141 1225 2193 nequeat
1252 2135 1466 2197 reperiri?

95 2199 213 2262 Quid
242 2200 275 2244 si
299 2201 392 2264 ipsa
422 2198 678 2245 difficillima
709 2199 929 2257 inventio,
963 2200 1018 2246 ad
1049 2201 1313 2265 capiendum
1347 2206 1468 2269 quod
1531 2238 1536 2243 -

93 2269 316 2317 inventum
348 2271 455 2326 erit,
493 2279 682 2323 mentem
715 2270 949 2334 quaerentis
974 2274 1170 2317 exercet?
1207 2274 1327 2330 Quid
1351 2277 1466 2322 enim

94 2341 230 2387 oculis
256 2341 412 2387 nostris
443 2341 529 2387 hac
555 2340 652 2387 luce
672 2341 913 2401 jucundius
936 2351 979 2388 et
998 2341 1286 2392 familiarius?
1318 2347 1464 2403 Quam

93 2419 236 2458 tamen
255 2412 425 2475 perpeti
450 2422 577 2476 atque
596 2410 775 2458 tolerare
793 2423 893 2476 post
911 2412 1139 2459 diuturnas
1159 2417 1356 2463 tenebras
1383 2436 1461 2464 ne·-

93 2491 271 2544 queunt.
307 2481 427 2539 Quid
451 2481 658 2527 exhausto
693 2483 974 2542 {egrotatione
1001 2485 1177 2548 corpori
1210 2501 1464 2534 accommo÷

95 2549 238 2598 datius
251 2560 384 2616 quam
397 2552 523 2598 cibus
534 2563 575 2597 et
582 2552 703 2616 potio
713 2555 733 2600 Ρ
745 2553 951 2600 Videmus
965 2564 1108 2601 tamen
1123 2556 1465 2606 convalescentes

95 2621 299 2668 refrenari
321 2632 450 2687 atque
469 2623 696 2678 cohiberi,
728 2641 781 2670 ne
816 2625 1031 2671 saturitati
1067 2625 1306 2673 valentium
1339 2646 1464 2675 00111-

95 2692 262 2739 mittere
285 2710 370 2741 sese
393 2693 606 2752 audeant,
644 2694 840 2759 cibisque
868 2695 972 2760 ipsis
1003 2712 1125 2757 agere
1144 2733 1156 2753 ,
1190 2706 1240 2743 111
1263 2697 1318 2743 ad
1340 2698 1466 2745 illum

1280 2769 1323 2816 3.
