1795 3253
345 315 428 361 17«)
760 315 793 345 S.
838 314 1079 347 AUGUS'l'lNl
1117 315 1320 346 El'lscorl

330 479 1698 496 ,ἋιιὶκῦἱὶινικὶιιὶἱῑΊῑἏΏ-ὶὶιὶὶὶὶἱινιννὶἱὶἱὶἱ-ἱὶδὶιὶἱνῦὶἱὶἱςιὶἱῑὶιῑὶ

830 609 1006 653 CAPUT
1037 610 1192 652 XXIV.

398 768 464 814 DL·-
489 767 674 833 eoquod
697 766 910 832 scriptum
931 778 993 813 est
1016 766 1133 831 apud
1157 766 1431 814 Salomonem
1453 785 1463 813 :
1495 789 1515 810 «
1538 769 1711 817 Imitare

332 860 352 881 »
377 838 626 896 lbrmicam,
650 849 690 884 et
727 839 891 885 intuere
910 838 1175 899 diligentiam
1197 841 1305 897 ejus,
1339 839 1442 901 quia
1473 839 1529 885 ab
1550 840 1712 890 aestatis

333 932 354 952 »
383 921 572 975 tempore
588 928 721 974 usque
737 910 940 973 hyemem
959 909 1123 969 colligit
1140 909 1222 955 sihi
1243 909 1501 958 alimonias1.
1525 932 1545 953 n
1565 912 1712 975 Neque

332 982 418 1026 hoc
436 981 683 1041 intelligunt
723 980 957 1026 Manichaei
999 979 1248 1043 spiritaliter
1268 997 1353 1025 esse
1372 980 1677 1044 accipiendum
1697 1018 1708 1038 ‚

329 1061 371 1096 et
396 1062 554 1114 putant
572 1062 846 1115 pracceptum
864 1068 949 1095 esse
970 1061 1018 1095 ut
1045 1049 1384 1096 thesaurizemus
1408 1050 1454 1096 in
1479 1061 1618 1109 terra,
1639 1061 1714 1098 aut

328 1121 459 1166 etiam
483 1138 682 1166 curemus
708 1121 807 1167 haec
827 1122 1001 1177 horrea,
1022 1137 1121 1185 quie
1136 1121 1224 1165 siue
1242 1120 1330 1166 ullo
1351 1132 1575 1184 praecepto
1602 1121 1714 1167 mul·

332 1202 425 1236 tum
448 1192 644 1237 homines
667 1192 846 1255 implere
868 1191 1084 1238 festinant.
1118 1193 1172 1236 Et
1197 1191 1294 1237 ideo
1319 1192 1430 1237 illud
1454 1192 1713 1238 Adimantus

328 1280 377 1307 ex
405 1263 637 1322 Evangelio
664 1263 1007 1309 dicitadversum
1025 1280 1112 1307 esse
1128 1262 1233 1307 huic
1256 1263 1494 1318 sententiae,
1517 1263 1592 1308 ubi
1620 1265 1712 1309 Do-

331 1332 474 1378 minus
499 1333 558 1377 ait
582 1351 592 1377 :
620 1354 640 1374 ε(
661 1333 802 1378 Nolite
827 1333 1015 1392 cogitare
1044 1332 1096 1377 de
1122 1332 1311 1378 crastino
1341 1333 1373 1379 2.
1405 1354 1424 1374 »
1464 1333 1549 1379 Sed
1574 1351 1714 1398 neque

331 1402 417 1447 hoc
434 1403 682 1463 intelligunt
707 1403 761 1448 ad
782 1403 827 1448 id
850 1403 1066 1466 pertinere
1083 1440 1093 1458 ,
1133 1413 1181 1447 ut
1208 1403 1463 1466 temporalia
1487 1421 1573 1450 non
1593 1423 1713 1451 ame-

330 1490 443 1529 mus,
464 1490 603 1537 neque
625 1474 850 1519 timeamus
871 1491 921 1519 ne
936 1474 1061 1519 nohis
1083 1473 1223 1518 desint
1244 1474 1497 1531 necessaria,
1515 1485 1557 1519 et
1579 1493 1714 1539 prop-

332 1554 395 1588 ter
418 1544 511 1606 ipsa
539 1543 835 1606 conquirenda
871 1543 938 1588 vel
981 1545 1069 1588 Deo
1092 1543 1159 1589 vel
1179 1542 1434 1589 hominibus
1458 1545 1707 1593 serviamus

330 1612 442 1658 Nam
464 1612 496 1658 si
521 1612 608 1658 hoc
633 1613 729 1658 ideo
765 1612 932 1658 dictum
971 1622 1060 1668 est,
1108 1623 1154 1657 ut
1179 1629 1268 1657 non
1307 1623 1497 1659 servetur
1526 1614 1650 1677 panis
1671 1615 1714 1660 in

330 1682 592 1738 crastinum,
622 1682 756 1742 magis
788 1683 876 1728 hoc
901 1682 1086 1745 implent
1124 1682 1221 1742 vagi
1247 1683 1548 1729 Romanorum
1568 1722 1579 1740 ,
1608 1701 1716 1748 quos

330 1753 525 1798 Passivos
540 1753 761 1816 appellant
780 1753 869 1815 (3),
891 1753 965 1816 qui
988 1769 1158 1798 annona
1177 1752 1433 1816 quotidiana
1445 1754 1600 1800 satiato
1616 1773 1716 1800 ven-

334 1833 411 1878 tre,
442 1833 515 1868 aut
538 1823 702 1868 donant
723 1823 866 1868 statim
883 1822 1005 1887 quod
1027 1833 1171 1877 restat,
1203 1834 1276 1868 aut
1298 1823 1556 1885 projiciunt,
1581 1842 1715 1888 quam

331 1893 399 1939 vel
421 1893 598 1939 Domini
625 1893 855 1957 discipuli,
875 1894 953 1956 qui
990 1893 1117 1938 etiam
1140 1910 1242 1938 eum
1263 1893 1358 1956 ipso
1400 1894 1588 1940 Domino
1613 1895 1716 1941 coeli

332 1973 375 2008 et
398 1974 521 2009 terrae
540 1964 586 2009 in
616 1975 724 2009 terra
745 1963 1018 2009 ambulantes
1042 1963 1209 2008 loculos
1233 1963 1460 2009 habehant
1479 1984 1490 2018 ;
1511 1964 1579 2011 vel
1603 1967 1718 2012 Pau-

333 2033 400 2079 lus
421 2034 677 2097 Apostolus,
703 2035 780 2097 qui
811 2033 1007 2079 omnium
1034 2045 1301 2079 terrenorum
1336 2043 1630 2097 contemptor,
1652 2035 1714 2081 sic

334 2114 475 2149 tamen
494 2104 754 2163 gubernavit
773 2122 820 2149 ea
843 2120 942 2166 quae
965 2103 1170 2166 praesenti
1194 2103 1296 2149 vitae
1320 2113 1441 2148 erant
1456 2105 1713 2160 necessaria,

330 2184 378 2219 ut
394 2175 520 2219 etiam
543 2174 595 2219 de
620 2174 762 2220 viduis
804 2173 1060 2235 praeceperit
1098 2172 1277 2218 dicens:
1321 2173 1407 2218 «Si
1441 2173 1539 2236 quis
1574 2174 1716 2220 fidelis

334 2264 356 2286 »
382 2244 519 2289 hahet
537 2244 691 2289 viduas
709 2281 719 2300 ‚
741 2243 1001 2288 sufficienter
1021 2243 1187 2288 trihuat
1209 2242 1316 2299 illis,
1345 2253 1392 2287 ut
1412 2259 1497 2288 non
1515 2254 1718 2302 gravetur

338 2335 359 2355 »
386 2313 596 2369 Ecclesia,
620 2329 707 2376 quo
727 2314 838 2360 veris
858 2312 1001 2359 viduis
1018 2313 1210 2358 sufficere
1231 2312 1401 2376 possitss.
1430 2334 1450 2354 »
1469 2312 1554 2358 Sed
1571 2323 1716 2360 tamen

334 2383 445 2429 illud
485 2383 537 2428 de
570 2383 752 2429 formica
775 2383 835 2428 ita
859 2383 1050 2446 positum
1085 2393 1146 2428 est
1170 2393 1218 2428 ut
1246 2382 1617 2446 quemadmodum
1640 2384 1717 2430 illa

333 2464 477 2499 aestate
503 2453 668 2514 colligit
695 2453 809 2498 unde
841 2453 886 2498 in
915 2453 1070 2516 hyeme
1089 2464 1309 2517 pascatur,
1333 2453 1393 2499 sic
1420 2454 1716 2518 unusquisque

332 2523 606 2570 Christianus
628 2524 674 2570 in
689 2541 832 2570 rerum
848 2524 1180 2588 tranquillitate,
1214 2541 1346 2588 quam
1379 2524 1593 2585 significat
1630 2542 1714 2571 aes-

383 2624 506 2658 ¹Pr0v.
522 2622 698 2665 v1,6‚-2
716 2625 897 2665 Manlia-1,
919 2632 969 2664 il..
989 2643 1035 2649 —
1051 2623 1064 2648 3
1086 2637 1097 2657 1
1118 2625 1203 2660 tim.
1223 2636 1252 2664 v,
1272 2626 1324 2660 16,
