1795 3253
285 262 461 296 CONTRA
497 262 695 295 FAUSTUM
731 262 1031 304 MANICHAEUM,
1070 263 1158 295 LIB.
1199 265 1274 296 XX.
1380 251 1466 297 521

101 342 340 398 pateretur,
365 330 511 395 qualia
530 331 619 377 sine
637 345 917 393 quocumque
941 346 1124 393 corpore
1146 331 1241 377 fieri
1259 349 1347 378 non
1369 349 1476 396 pos—

102 414 207 450 sent.
251 401 500 448 Secundum
545 400 819 465 praesentiam
852 400 1017 463 quippe
1072 401 1308 464 spiritalem
1355 402 1474 448 nullo

103 474 235 521 modo
255 473 328 520 illa
354 473 447 536 pati
476 482 618 535 posset
642 489 652 516 :
680 470 918 517 secundum
944 472 1220 534 praesentiam
1241 490 1342 519 vero
1375 491 1477 519 cor-·

102 545 297 610 poralem
326 542 456 589 simul
478 553 520 587 et
545 542 589 588 in
614 541 700 587 sole
722 551 764 587 et
790 541 834 586 in
864 540 966 586 luna
1000 552 1042 586 et
1063 542 1106 587 in
1130 559 1257 588 cruce
1277 560 1361 589 esse
1387 560 1477 588 non

103 625 260 680 posset.
290 613 479 659 Proinde
500 613 533 658 si
547 629 707 676 corpus
726 628 815 657 non
832 612 1008 667 habuit,
1032 629 1119 658 non
1137 624 1198 658 est
1214 615 1445 660 crucifixus
1462 631 1473 658 :

105 686 140 732 si
165 695 308 731 autem
335 683 512 738 habuit,
531 699 682 745 quaero
702 681 816 727 unde
834 682 1040 727 habuerit
1059 720 1069 738 ,
1095 700 1195 728 cum
1220 684 1365 729 omnia
1383 701 1478 729 cor-

103 773 212 820 pora
231 773 279 801 ex
297 754 574 800 tenebrarum
599 763 722 813 gente
741 770 827 798 esse
845 752 999 798 dicatis
1015 790 1024 808 ,
1047 754 1246 816 quamvis
1270 755 1477 801 substan-

107 826 209 871 tiam
225 824 417 870 divinam
433 824 619 883 cogitare
633 823 714 868 nisi
730 840 983 886 corpoream
998 839 1225 886 nunquam
1236 824 1472 871 valueritis.

107 895 233 942 Unde
252 894 457 956 cogimini
485 905 557 939 aut
584 893 672 938 sine
695 910 878 957 corpore
902 893 1044 939 dicere
1078 894 1335 940 crucifixum
1356 932 1366 951 ,
1393 912 1481 957 quo

109 965 339 1012 absurdius
357 975 399 1010 et
417 963 658 1010 dementius
673 963 760 1009 dici
781 963 894 1010 nihil
917 973 1060 1026 potest
1083 980 1094 1008 ι
1119 974 1193 1009 aut
1210 964 1254 1009 in
1275 964 1483 1026 phantas-

108 1048 222 1083 mate
248 1035 394 1100 potius
412 1051 546 1098 quam
570 1034 616 1079 in
633 1034 813 1080 veritate
837 1034 977 1080 visum
993 1033 1121 1079 fuisse
1144 1035 1341 1094 crucifigi
1360 1072 1370 1089 ,
1397 1051 1485 1099 qua

108 1123 257 1153 rursus
281 1106 504 1169 impietate
529 1103 637 1167 quid
656 1107 780 1166 pejus
800 1107 893 1150 est?
922 1114 997 1149 aut
1020 1121 1107 1149 non
1131 1105 1277 1149 onmia
1297 1122 1484 1168 corpora

110 1177 164 1223 de
185 1187 309 1237 gente
334 1193 420 1221 esse
443 1173 720 1220 tenebrarum
736 1211 747 1229 ,
779 1173 852 1219 sed
876 1191 962 1219 esse
987 1175 1115 1219 etiam
1141 1191 1299 1238 corpus
1323 1175 1484 1221 divinae

111 1247 366 1294 substantiae
382 1283 393 1303 ,
420 1245 538 1309 quod
571 1255 716 1290 tamen
741 1245 984 1290 immortale
1008 1262 1095 1290 non
1121 1246 1176 1291 sit
1194 1283 1204 1301 ,
1242 1246 1315 1292 sed
1349 1247 1484 1310 possit

109 1319 227 1379 ligno
249 1318 363 1378 affigi
387 1327 428 1362 et
455 1315 597 1362 occidi
618 1336 628 1369 3
656 1315 775 1378 quod
804 1316 1089 1361 nihilominus
1112 1315 1291 1379 plenum
1315 1328 1377 1362 est
1401 1317 1482 1362 de-

110 1390 286 1436 mentiae
316 1407 326 1434 :
356 1399 429 1434 aut
463 1405 510 1433 ex
541 1397 665 1448 gente
698 1388 977 1433 tenebrarum
1001 1387 1183 1433 mortale
1205 1405 1365 1451 corpus
1396 1389 1483 1434 ha-

111 1461 256 1507 buisse
277 1459 526 1515 Christum,
550 1469 677 1521 atque
692 1458 749 1503 ita
768 1458 843 1520 qui
858 1462 948 1518 ejus
970 1459 1164 1521 corporis
1184 1470 1364 1505 matrem
1389 1461 1487 1505 Ma-

113 1532 222 1578 riam
241 1531 450 1591 virginem
471 1529 645 1575 credere
680 1529 836 1573 timetis
856 1566 866 1584 ,
907 1539 1076 1588 gentem
1112 1528 1363 1576 daemonum
1399 1547 1488 1575 non

113 1601 286 1648 timetis.
324 1602 549 1646 Postremo
586 1615 689 1644 cum
729 1597 970 1643 seeundum
1011 1599 1266 1644 sententiam
1309 1600 1453 1645 Fausti
1472 1637 1483 1655 ,

114 1690 245 1736 quam
265 1671 443 1735 quidem
465 1688 511 1715 ex
530 1669 603 1714 illa
623 1669 871 1728 longissima
889 1668 1038 1714 fabula
1058 1679 1196 1715 vestra
1215 1670 1484 1733 decerptam,

115 1752 278 1806 quanta
298 1741 442 1805 potuit
472 1740 687 1785 brevitate
705 1739 954 1801 perstrinxit
979 1757 988 1783 z
1017 1739 1118 1784 «De
1149 1739 1316 1802 Spiritu
1341 1751 1489 1786 sancto

116 1823 228 1858 terra
252 1811 502 1874 concipiens
520 1810 666 1870 gignat
688 1809 917 1872 patibilem
936 1814 1079 1854 Jesum
1099 1847 1109 1865 ,
1149 1810 1225 1872 qui
1258 1821 1318 1856 est
1343 1811 1428 1857 vita
1450 1822 1491 1856 et

117 1883 230 1929 salus
250 1882 483 1929 hominum
499 1918 510 1936 ,
536 1880 656 1924 omni
674 1896 904 1942 suspensus
924 1897 971 1925 ex
990 1879 1108 1939 ligno
1130 1899 1141 1933 ;
1160 1902 1178 1921 »
1204 1897 1283 1926 cur
1303 1881 1373 1926 ille
1399 1882 1490 1927 Sal-

117 1963 244 2001 vator
264 1951 472 2015 pendenti
497 1949 727 2012 pendendo
752 1950 978 2009 congruit,
1003 1960 1044 1995 et
1066 1951 1258 1996 nascenti
1276 1952 1492 1997 nascendo

119 2040 209 2069 non
226 2021 454 2081 congruit?
479 2020 523 2065 Si
547 2029 690 2071 autem
718 2030 951 2082 propterea
981 2019 1130 2064 Jesum
1164 2021 1307 2066 dicitis
1338 2038 1422 2066 esse
1445 2022 1491 2067 in

122 2092 354 2138 arboribus
367 2101 407 2137 et
419 2091 442 2135 J
448 2107 566 2135 esum
587 2090 842 2134 crucifixum
856 2089 938 2134 sub
960 2089 1115 2134 Pontio
1135 2090 1274 2136 Pilato
1289 2102 1331 2137 et
1344 2097 1366 2137 J
1373 2110 1491 2138 esum

121 2180 201 2228 per
225 2162 357 2208 solem
382 2161 619 2223 lunamque
644 2160 881 2206 distentum
898 2197 909 2215 ,
935 2160 1037 2222 quia
1062 2170 1204 2206 totum
1228 2161 1315 2207 hoc
1339 2179 1385 2208 ex
1406 2180 1491 2208 una

124 2233 359 2297 eademque
381 2232 619 2278 substantia
637 2242 724 2287 est,
759 2247 837 2275 cur
851 2247 939 2275 non
958 2241 999 2275 et
1016 2241 1171 2277 caetera
1193 2232 1327 2278 millia
1344 2234 1494 2279 numi-

124 2322 231 2354 num
249 2314 487 2350 vestrorum
517 2302 601 2348 hac
627 2300 917 2365 appellatione
947 2301 1240 2348 concluditis.D
1263 2303 1355 2349 Cur
1378 2304 1493 2350 enim

124 2392 213 2422 non
233 2375 287 2420 sit
304 2375 426 2420 Jesus
449 2384 490 2419 et
515 2373 586 2419 ille
615 2371 963 2436 splenditenens,
995 2382 1038 2417 et
1069 2372 1141 2418 ille
1176 2372 1296 2419 Atlas
1313 2411 1323 2429 ,
1351 2384 1392 2420 et
1423 2374 1495 2421 ille

120 2437 195 2492 'rex
217 2445 395 2491 honoris
410 2482 421 2501 ,
442 2454 483 2490 et
502 2444 573 2489 ille
596 2444 772 2507 spiritus
792 2453 944 2506 potens
961 2480 972 2499 ,
994 2453 1036 2488 et
1060 2442 1132 2489 ille
1151 2443 1320 2506 primus
1340 2444 1490 2499 homo,

126 2527 169 2563 et
187 2514 403 2580 quidquid
422 2513 540 2560 aliud
565 2513 942 2561 innumerabiliter
959 2531 1037 2578 per
1064 2513 1232 2561 diversa
1255 2515 1430 2562 nomina
1452 2526 1495 2562 et

129 2587 296 2635 diversa
314 2585 454 2632 officia
472 2584 755 2649 praedicatis?
