1795 3253
341 277 433 336 554
771 293 805 321 s.
850 291 1091 322 Aliorsum
1130 290 1331 323 Eris-cori

339 360 704 406 medicamentum
729 367 802 404 est.
828 356 957 413 Quod
977 357 1008 402 si
1029 357 1155 402 sciret
1173 367 1247 402 aut
1272 355 1563 403 consideraret
1587 357 1718 403 Faus-

341 442 408 478 tus
423 468 434 488 ‚
459 448 546 476 non
569 430 719 493 utique
736 445 948 474 venenum
969 439 1009 474 et
1027 428 1270 473 antidotum
1293 445 1374 491 pro
1394 427 1590 491 exemplo
1610 427 1716 474 dua-

342 520 438 548 rum
465 511 716 546 naturarum
743 498 842 544 mali
865 510 905 544 et
932 500 1035 544 boni
1061 508 1240 562 poneret
1258 536 1268 554 ,
1300 509 1506 563 tanquam
1533 498 1650 543 Deus
1665 499 1719 543 sit

342 571 585 619 antidotum
607 581 648 615 et
668 569 780 633 Hyle
798 586 1012 614 venenum
1039 587 1048 614 ι
1077 586 1177 614 cum
1210 568 1359 614 eadem
1386 586 1450 614 res
1479 568 1716 632 eademque

340 654 493 689 natura
508 658 624 687 nunc
639 650 940 700 congruenter.
959 657 1074 685 nunc
1089 640 1423 699 incongruenter
1443 649 1615 703 sumpta
1632 639 1718 684 sive

341 713 562 768 adbibita,
584 711 651 757 vel
671 711 827 774 prosit,
851 711 919 756 vel
938 721 1105 757 noseat.
1138 711 1288 774 ltaque
1308 709 1546 756 secundum
1570 726 1718 755 eorum

339 783 533 829 sabulum
553 792 695 845 potest
719 781 807 826 diei
834 780 938 826 deus
959 798 1106 826 eorum
1127 780 1255 826 fuisse
1276 797 1487 826 venenum
1514 780 1628 840 genti
1654 790 1719 825 te-

343 855 576 899 nebrarum
593 891 602 901 ,
627 856 752 912 eujus
770 869 953 915 corpora
980 863 1066 897 tam
1092 852 1217 897 firma
1239 852 1296 897 ita
1322 851 1545 915 corrupit,
1579 861 1625 896 ut
1647 851 1718 896 in-

340 925 582 970 firmissima
603 922 800 968 redderet
824 941 834 967 :
859 923 931 968 sed
951 923 1052 986 quia
1077 923 1198 968 etlux
1215 923 1307 986 ipsa
1327 933 1473 986 capta,
1494 938 1714 985 oppressa,

340 1005 547 1057 corrupta
572 1004 632 1039 est
651 1031 661 1049 ,
691 994 877 1038 invicem
902 994 986 1038 sibi
1010 1010 1222 1039 venenum
1246 993 1436 1039 suerunt.

407 1066 525 1111 XIV.
564 1067 656 1110 (jur
679 1082 765 1110 11011
787 1082 886 1124 ergo
912 1064 1036 1117 hirc,
1074 1076 1147 1110 aut
1180 1063 1268 1109 duo
1303 1064 1417 1109 bona
1444 1062 1587 1108 dicitis
1607 1099 1618 1118 ,
1646 1072 1720 1107 aut

341 1135 429 1181 duo
453 1135 591 1190 mala,
613 1134 677 1179 vel
699 1135 833 1194 magis
852 1145 893 1179 et
910 1134 996 1179 duo
1016 1135 1133 1179 bona
1155 1145 1197 1180 et
1216 1134 1304 1180 duo
1331 1133 1467 1187 mala;
1497 1132 1585 1178 duo
1605 1133 1720 1178 bona

343 1206 460 1270 apud
487 1224 528 1251 se
547 1243 557 1262 ,
588 1205 676 1251 duo
702 1204 813 1250 mala
842 1205 886 1250 in
906 1205 1158 1251 alterutrum
1179 1209 1196 1252 ‚3
1219 1208 1367 1251 Postea
1387 1206 1418 1250 si
1437 1221 1548 1267 opus
1570 1203 1715 1259 fuerit,

343 1293 589 1341 quaeremus
608 1275 715 1339 quid
737 1275 897 1320 borum
914 1275 968 1320 sit
983 1276 1136 1321 melius
1155 1287 1229 1321 aut
1250 1280 1372 1339 pejus
1394 1293 1404 1320 :
1428 1274 1598 1321 interim
1618 1275 1720 1337 quia

343 1347 432 1393 duo
451 1348 566 1393 bona
587 1356 707 1391 erant
720 1345 837 1408 apud
856 1362 896 1390 se
909 1383 919 1401 ‚
936 1346 994 1391 ita
1009 1345 1306 1392 consideratur
1328 1364 1337 1391 z
1359 1345 1589 1405 Regnabat
1606 1345 1720 1388 Deus

340 1418 384 1463 in
405 1429 515 1464 terra
542 1434 635 1473 sua,
663 1417 874 1477 regnabat
893 1427 934 1462 et
950 1417 1062 1479 Hyle
1086 1417 1131 1463 in
1149 1435 1238 1465 sua.
1264 1418 1433 1463 Sanitas
1446 1414 1719 1476 regnantium

338 1499 379 1535 et
406 1490 466 1535 ibi
492 1499 532 1534 et
556 1488 630 1534 hic
663 1506 673 1533 ε
701 1487 830 1551 copia
854 1486 1079 1533 fructuum
1100 1498 1141 1532 et
1158 1488 1220 1533 ibi
1246 1498 1287 1533 et
1313 1488 1388 1533 hic
1417 1504 1428 1531 ι
1455 1484 1720 1532 foecunditas

338 1560 472 1623 prolis
499 1559 733 1621 utrobique
761 1576 771 1603 ε
794 1558 981 1604 suavitas
1002 1558 1283 1622 propriarum
1300 1558 1577 1621 voluptatum
1600 1554 1719 1618 apud

338 1640 558 1693 utrosque..
588 1629 671 1673 Sed
696 1629 767 1673 illa
781 1646 900 1688 gens,
922 1629 1145 1692 inquiunt.
1165 1640 1342 1693 excepto
1359 1646 1408 1674 eo
1428 1626 1547 1690 quod
1565 1625 1721 1671 vicinae

338 1701 428 1747 luci
450 1699 561 1745 mala
582 1709 696 1754 erat,
724 1709 765 1743 et
785 1698 903 1761 apud
922 1716 963 1743 se
982 1700 1121 1761 ipsam
1143 1700 1253 1744 mala
1277 1710 1380 1745 erat.
1408 1697 1587 1743 Interim
1604 1696 1721 1742 bona

340 1775 430 1831 ejus
455 1769 590 1816 multa
606 1773 697 1829 jan]
725 1768 810 1814 dixi
830 1806 840 1823 ‚
864 1768 897 1813 si
919 1779 959 1814 et
979 1786 1052 1814 vos
1076 1768 1189 1813 mala
1214 1773 1305 1828 ejus
1328 1767 1554 1832 potueritis
1573 1777 1719 1812 osten-

342 1842 441 1887 dere
458 1879 468 1897 ,
496 1844 623 1886 erunt
642 1840 730 1885 duo
758 1856 886 1899 regna
911 1839 1052 1895 bona,
1079 1838 1152 1884 sed
1180 1839 1287 1885 illud
1315 1840 1468 1885 melius
1485 1876 1495 1893 ,
1521 1837 1720 1883 1111111111-

338 1912 430 1958 lum
458 1920 549 1956 erat
568 1910 731 1955 malum
755 1927 764 1954 :
783 1926 984 1973 quaenam
1002 1926 1101 1969 ergo
1119 1909 1251 1970 hujus
1264 1909 1375 1955 mala
1393 1909 1537 1955 dicitis
1560 1907 1688 1953 fuisse
1699 1911 1718 1953 ἒ)

339 1983 582 2029 Vastabant
613 1998 678 2037 se,
706 1980 847 2044 inquit
868 2018 879 2036 ,
903 1980 1089 2026 invicem
1135 1980 1353 2027 la‘debant
1373 2018 1383 2037 ,
1424 1977 1715 2034 occidebant,

340 2052 629 2100 assumebant.
669 2051 713 2096 Si
739 2051 791 2096 ad
819 2049 906 2096 hoc
925 2050 1066 2096 solum
1091 2051 1179 2096 cibi
1213 2062 1468 2105 vacaretur,
1496 2047 1718 2112 quomodo

340 2125 403 2170 ibi
434 2134 550 2169 tanta
567 2122 735 2183 agmina
751 2122 1046 2182 gignerentur,
1067 2123 1354 2179 nutrirentur,
1377 2122 1716 2187 perficerentur?

342 2197 447 2241 Erat
471 2194 532 2239 ibi
559 2211 658 2253 ergo
679 2204 720 2238 et
745 2194 866 2256 quies
889 2204 930 2238 et
948 2193 1363 2256 paxNerumtamen
1385 2192 1598 2238 fateamur
1613 2189 1719 2236 illuc

343 2265 472 2311 fuisse
500 2263 652 2309 melius
686 2280 863 2323 regnum
886 2300 896 2318 ,
931 2264 1009 2309 ubi
1035 2263 1153 2309 nulla
1180 2263 1398 2310 discordia
1423 2281 1434 2308 ε
1464 2262 1552 2307 (1110
1576 2271 1719 2305 tamen

342 2335 459 2381 bona
486 2335 565 2380 ista
593 2333 728 2380 multo
766 2334 1135 2380 accommodatius
1170 2334 1375 2391 dixerim,
1410 2349 1543 2397 quam
1580 2347 1718 2376 unum

339 2406 506 2453 bonum
531 2415 573 2450 et
597 2405 779 2450 alterum
805 2405 993 2460 malum3
1021 2416 1067 2451 ut
1093 2405 1203 2451 illud
1233 2406 1286 2451 sit
1310 2405 1462 2451 melius
1479 2440 1490 2459 ,
1530 2401 1608 2447 ubi
1639 2418 1718 2447 nec

338 2477 496 2537 singuli
526 2476 806 2539 sibimetipsis
838 2477 1081 2532 nocebant,
1116 2493 1195 2522 nec
1220 2477 1437 2529 invicenu
1465 2475 1551 2519 boc
1575 2483 1718 2518 autem

339 2547 514 2594 inferius
552 2547 719 2592 bonum
742 2584 753 2603 ,
793 2547 868 2592 ubi
908 2547 1108 2611 quamvis
1142 2547 1326 2593 invicem
1362 2546 1708 2598 adversarentur,

340 2617 684 2681 unumquodque
705 2627 846 2664 tamen
872 2618 1030 2664 animal
1055 2635 1175 2665 suam
1201 2618 1384 2665 salutem
1404 2655 1414 2673 ,
1443 2613 1715 2663 incolumita-
