1795 3253
305 300 395 360 3922
727 315 760 344 s.
806 315 1043 345 arotsrmt
1080 314 1282 345 eviscovi

306 377 583 423 maledictum
604 416 613 426 .
637 379 754 441 quod
772 379 972 425 adversus
992 397 1087 425 eum
1108 379 1401 443 deprompsit,
1420 383 1495 444 qui
1519 382 1679 446 pendet

303 447 343 491 in
370 447 499 506 ligno.
520 471 537 488 »
561 449 642 493 Vos
665 449 839 511 quidem
869 450 1010 495 nullus
1056 467 1120 494 rex
1145 449 1314 509 gentilis
1340 451 1460 510 cogit
1500 451 1679 498 adorare

303 516 431 561 solem
454 555 463 563 .
493 518 610 581 quod
638 536 713 563 nee
746 519 835 581 ipse
860 520 920 563 sol
943 529 1108 578 rogeret
1129 555 1139 569 ,
1176 520 1207 563 si
1234 521 1276 564 in
1306 531 1413 565 terra
1446 531 1643 579 regnaret
1662 558 1673 577 ‚

302 587 401 647 quia
432 606 508 632 nee
537 606 650 633 nune
677 607 695 632 a
726 589 848 634 xohis
871 589 954 633 hoe
978 590 1071 634 vult
1096 590 1187 635 fieri
1219 607 1229 634 :
1256 589 1326 635 sed
1359 590 1471 635 sicut
1500 592 1679 636 Creator

300 657 390 719 ipse
411 658 566 720 impios
591 658 958 721 blasphematores
982 676 1079 704 suos
1103 675 1238 722 usque
1265 660 1318 705 ad
1338 660 1556 719 judicium
1579 677 1677 706 sus-

302 727 409 771 tinet
426 727 460 781 ¹,
482 728 540 771 sit·
562 738 603 771 et
622 728 712 790 ipsa
739 728 929 774 eoelestia
956 729 1144 774 tolerant
1165 747 1299 775 vanos
1320 730 1568 775 adoratores
1581 747 1679 776 suos

298 813 432 859 usque
448 796 500 842 ad
514 798 730 854 judicium
750 800 963 844 (Ireatoris
980 801 1058 845 sui.
1090 799 1528 844 Tamenmementote
1542 799 1679 846 chris-

300 867 462 911 tianum
482 885 619 925 regem
641 886 725 913 non
745 886 864 931 posse
882 887 1032 928 eogere
1051 879 1099 914 ut
1117 868 1179 914 sol
1202 869 1421 915 adoretur.
1447 870 1510 915 De
1529 868 1678 929 gentili

296 937 409 981 enim
441 955 534 997 rege
554 939 795 1000 exemplum
825 944 1005 984 Faustus
1030 939 1289 1002 proposuit.
1323 939 1460 984 sciens
1484 938 1681 1002 profecto

298 1006 348 1051 ad
377 1007 567 1051 Gentiles·
595 1010 808 1071 p‹·rtin‹·re
832 1008 950 1071 quod
981 1008 1147 1060 facitis,
1177 1025 1276 1053 cum
1309 1007 1442 1053 solem
1469 1007 1672 1054 adoratis.

297 1077 395 1120 Non
425 1087 481 1120 est
509 1095 607 1136 ergo
646 1078 729 1122 hoe
756 1079 1041 1123 chtistianmn
1082 1096 1091 1122 ε
1126 1078 1197 1123 sed
1235 1078 1397 1141 ubique
1416 1080 1506 1136 jam
1528 1076 1682 1140 perdix

296 1162 453 1189 nomen
490 1147 652 1191 (Ihristi
681 1149 865 1209 ponis-¹,
904 1159 950 1193 ut
984 1159 1214 1207 congreget
1246 1163 1347 1210 quae
1373 1163 1461 1192 non
1485 1147 1673 1210 peperit.

297 1215 448 1260 Videte
471 1226 612 1261 tamen
634 1235 763 1279 quam
783 1218 910 1263 facile
931 1219 1186 1281 respondeat
1207 1220 1377 1272 veritas,
1397 1227 1439 1262 et
1457 1233 1558 1262 sana
1575 1216 1680 1262 doc-

296 1286 408 1330 trina
432 1303 562 1349 quam
587 1286 711 1333 sarile
731 1289 976 1351 disrumpat
993 1290 1114 1334 hune
1138 1299 1291 1334 vestrae
1314 1287 1568 1351 quaestionis
1589 1298 1681 1333 tan-

295 1372 425 1418 quam
449 1357 742 1402 inevitabilem
768 1369 802 1402 ‹·t
831 1359 1057 1421 bicipitem
1086 1359 1302 1422 laquetnn.
1342 1359 1450 1402 Eece
1469 1356 1680 1403 faciamus

298 1425 485 1488 aliquem
500 1439 711 1472 armatum
725 1429 835 1487 regia
852 1440 1064 1491 potestate
1082 1427 1337 1473 eonnninari
1356 1427 1528 1472 homini
1543 1427 1681 1472 chris-

297 1495 439 1551 tiano,
462 1506 511 1541 ut
529 1496 562 1541 si
582 1497 713 1542 solem
737 1498 916 1543 adorare
937 1499 1123 1544 noluerit
1139 1535 1150 1556 ‚
1173 1497 1466 1561 suspendatur
1478 1498 1522 1542 in
1542 1496 1674 1556 ligno.

298 1565 342 1608 Si
368 1564 643 1612 declinavero
659 1604 670 1623 ‚
692 1568 837 1631 inquis
853 1606 863 1623 ‚
886 1569 1164 1615 maledictum
1180 1606 1189 1624 ‚
1216 1567 1338 1630 quod
1359 1569 1444 1613 Lex
1461 1568 1680 1631 prompsit

300 1635 342 1679 in
369 1635 466 1679 solis
489 1635 809 1692 adoratoren1³‚
836 1637 1027 1683 incidam
1051 1638 1096 1684 in
1119 1638 1229 1683 illud
1247 1675 1257 1693 ‚
1278 1637 1398 1701 quod
1416 1636 1567 1683 eadem
1593 1639 1682 1682 Lex

299 1706 516 1767 prompsit
540 1706 586 1750 in
604 1723 701 1752 eum
722 1708 798 1771 qui
823 1708 1081 1771 pependerit
1106 1709 1150 1754 in
1173 1709 1290 1767 ligno
1308 1707 1341 1754 4.
1374 1708 1439 1752 Ita
1466 1724 1566 1753 vero
1588 1718 1683 1752 tur-

302 1776 477 1819 baberis
499 1793 508 1819 ε
529 1777 600 1821 sed
627 1787 671 1822 tu
690 1815 701 1833 ,
729 1779 817 1824 imo
839 1797 916 1823 nee
939 1789 1011 1835 tu,
1029 1780 1104 1841 qui
1125 1789 1166 1824 et
1187 1779 1308 1824 nullo
1328 1788 1507 1838 cogente
1529 1778 1682 1823 adoras

301 1844 447 1890 solem.
482 1849 533 1890 Λῐ
560 1858 655 1892 veto
690 1848 965 1895 Christianus
989 1850 1233 1894 adificatas
1258 1865 1388 1912 super
1415 1848 1682 1893 fundamen-

305 1925 392 1958 tum
416 1915 722 1977 Apostolorum
738 1928 778 1963 et
793 1919 1135 1982 Prophetarum,
1165 1918 1348 1964 attendit
1366 1918 1554 1977 singulas
1572 1934 1681 1964 cau-

302 2002 366 2029 ¹sas
383 2022 394 2041 ,
422 1996 461 2030 et
480 1986 644 2045 singula
670 1988 899 2034 maledieta
928 2007 938 2033 t
966 1989 1086 2034 videt
1110 2007 1246 2035 unum
1269 1991 1486 2052 pertinere
1505 1988 1558 2034 ad
1580 2006 1680 2034 cor—

302 2072 382 2117 pus
395 2057 591 2113 mortale.
611 2059 728 2119 quod
745 2059 860 2117 ligno
875 2061 1154 2123 suspenditur
1169 2080 1180 2113 ;
1198 2060 1380 2105 alterum
1397 2059 1450 2104 ad
1465 2059 1678 2112 animum,

300 2143 388 2187 quo
413 2126 473 2171 sol
497 2128 745 2175 adoratur5‘.
780 2131 869 2176 Etsi
897 2132 1011 2176 enim
1036 2148 1197 2194 eorpus
1220 2130 1457 2176 inclinatur
1489 2130 1536 2175 in
1571 2129 1681 2175 ado-

303 2195 440 2239 rando
455 2233 465 2249 ‚
497 2197 664 2242 animus
684 2209 827 2244 tamen
849 2211 921 2245 aut.
940 2201 1044 2245 colit
1069 2201 1189 2263 quod
1224 2199 1376 2245 adorat
1395 2236 1405 2253 ‚
1434 2209 1507 2244 aut
1528 2200 1678 2258 fingit3

306 2275 541 2328 utrumque
561 2278 701 2313 autem
725 2270 1018 2330 perniciosum
1046 2282 1122 2317 est.
1166 2272 1450 2333 Quapropter
1473 2269 1682 2332 quoniam

303 2335 587 2382 maledictum
612 2338 656 2383 in
677 2350 860 2400 utroque
887 2359 1000 2387 mors
1021 2344 1203 2393 meruit„
1226 2341 1338 2387 sieut
1362 2357 1474 2386 mors
1499 2350 1560 2385 est
1579 2357 1681 2385 cor-

302 2407 421 2467 poris
442 2406 485 2451 in
503 2407 620 2466 ligno
640 2410 827 2471 pendere
844 2449 853 2459 .
875 2412 932 2457 ita
958 2430 1070 2457 mors
1091 2413 1224 2458 animi
1247 2421 1309 2457 est
1327 2411 1459 2456 solem
1479 2409 1673 2456 adorare.

304 2475 561 2534 liligemlmn
593 2489 653 2522 est
676 2479 808 2538 igitur
831 2481 1111 2528 maledictum
1127 2484 1172 2528 in
1191 2482 1386 2545 corporis
1404 2490 1542 2526 morte
1558 2517 1569 2535 ‚
1592 2496 1679 2542 quo

357 2569 363 2588 ¹
383 2579 398 2596 9.
420 2571 507 2600 l'vrtr.
531 2581 560 2602 e.
587 2582 688 2607 vmn.
710 2575 739 2602 3.
768 2590 810 2595 -
836 2572 850 2594 '²
866 2577 985 2606 ,Ie-rem.
1004 2587 1083 2612 xru,
1105 2587 1156 2610 11.
1176 2592 1218 2598 —-
1238 2572 1251 2595 3
1268 2577 1361 2606 Βθυῑ-
1390 2584 1469 2614 xVN,
1490 2574 1576 2603 3·—
1594 2569 1607 2593 ⁴
1626 2571 1676 2604 Id·

307 2631 374 2655 λλι,
399 2624 450 2651 23.
471 2639 513 2644 ——
532 2621 545 2642 7¹
562 2623 674 2666 lvplws.
694 2637 725 2656 ιι.
744 2638 793 2655 20.
