1795 3253
334 254 419 300 132
756 267 789 295 s.
836 266 1075 296 Auotzsriui
1114 265 1314 294 eviscovi

328 356 349 377 »
374 334 456 380 tale
476 334 560 378 hoc
587 330 765 379 induere
791 330 1205 377 immortalitatem1.
1231 352 1251 371 υ
1268 331 1381 377 Ilinc
1400 350 1499 393 ergo
1523 346 1704 398 apparet

327 406 428 469 quia
452 420 552 449 caro
582 414 623 448 et
646 402 817 462 sanguis
841 419 1020 462 regnum
1046 402 1124 447 Dei
1156 419 1241 446 non
1269 402 1574 464 possidebunt,
1602 405 1704 468 quia

323 493 424 522 cum
442 475 631 521 induerit
647 474 1019 536 incorruptionem
1039 484 1075 517 et
1099 473 1485 529 immortalitatem,
1503 478 1596 534 jani
1616 492 1705 521 non

325 547 458 592 caro‘2
484 557 522 591 et
556 546 725 606 sanguis
748 545 846 600 erit,
875 544 946 589 sed
980 544 1023 589 in
1054 561 1214 605 corpus
1240 544 1413 589 coeleste
1442 546 1697 592 mutabitur.

325 617 459 675 Quod
483 617 658 680 quidem
685 634 730 661 ex
752 616 975 661 occasione
1003 616 1299 669 tractaxinius,
1327 615 1428 678 quia
1458 616 1562 661 liuic
1590 633 1707 679 quo—

323 706 409 754 que
425 688 645 734 sententiae
661 687 848 732 multum
869 686 1060 731 insidiari
1076 685 1229 741 solent,
1251 697 1452 745 negantes
1470 703 1707 750 corporum

318 759 692 805 resurrectionem.
722 758 832 802 Nam
853 757 931 803 ista
952 758 1135 820 quaestio
1156 774 1242 801 non
1263 756 1316 802 de
1336 773 1536 820 corpore,
1561 757 1635 803 sed
1655 757 1708 803 de

323 831 463 876 anima
490 830 715 894 proposita
736 840 814 877 est.
836 846 967 891 quam
994 838 1151 891 putant
1177 829 1237 872 sie
1266 828 1407 891 accipi
1432 829 1477 872 in
1501 829 1631 888 Lege,
1662 839 1711 874 ut

319 902 493 960 sanguis
519 918 605 946 esse
634 900 897 945 existimetur
922 917 931 943 :
952 899 1071 962 quod
1097 916 1172 943 nos
1194 897 1316 943 nullo
1342 897 1472 944 niodo
1497 897 1557 944 sic
1578 898 1711 944 intel-

320 972 509 1032 ligimus.
548 972 629 1017 Sed
660 971 858 1034 quamvis
888 970 940 1015 de
964 987 1172 1033 pecorum
1203 970 1355 1015 animis
1376 987 1463 1014 non
1488 986 1708 1025 curemus,

321 1060 425 1090 cum
450 1043 613 1107 quibus
638 1060 725 1088 non
758 1042 973 1087 habemus
1000 1041 1178 1086 rationis
1207 1040 1398 1103 aliquam
1430 1040 1708 1087 societatem:

321 1124 468 1158 tamen
486 1112 595 1158 illud
615 1112 735 1174 quod
756 1115 840 1157 Lex
862 1112 986 1168 dixit,
1004 1110 1281 1157 fundendum
1303 1128 1390 1156 esse
1411 1111 1710 1170 sangui11e1n³‚

321 1201 403 1230 nec
427 1185 472 1229 in
493 1200 634 1228 eseam
665 1183 988 1235 assumendum,
1022 1183 1124 1243 quia
1149 1182 1322 1241 sanguis
1349 1191 1410 1225 est
1437 1180 1598 1234 anima,
1629 1198 1716 1227 esse

321 1253 516 1317 positum
537 1252 744 1305 (licinius,
766 1252 879 1294 sicut
903 1249 985 1293 alia
1007 1248 1159 1301 multa,
1192 1262 1232 1293 et
1257 1266 1366 1312 pene
1387 1249 1532 1294 omnia
1558 1250 1716 1314 Scrip-

325 1336 524 1369 turarum
553 1321 728 1367 illarum
761 1331 1028 1365 sacramenta
1060 1320 1190 1380 signis
1213 1331 1254 1365 et
1281 1321 1428 1381 figuris
1455 1322 1583 1384 plena
1617 1335 1717 1370 sunt

322 1395 485 1442 futurae
515 1392 871 1456 praedicationis,
902 1408 1001 1454 quae
1025 1395 1117 1451 jani
1144 1409 1223 1455 per
1247 1393 1484 1439 Dominum
1519 1406 1716 1441 nostrum

327 1467 473 1513 Jesum
493 1465 718 1510 Christum
735 1463 952 1510 declarata
970 1476 1044 1510 est.
1070 1464 1141 1509 Sic
1156 1475 1218 1510 est
1232 1464 1347 1509 enim
1363 1465 1535 1524 sanguis
1552 1466 1713 1522 anima,

331 1536 554 1604 quomodo
572 1547 695 1600 petra
713 1546 803 1581 erat
817 1535 1037 1591 Christus,
1059 1536 1170 1581 sieut
1188 1535 1296 1580 dicit
1318 1536 1554 1598 Apostolus
1575 1554 1584 1580 ε
1607 1558 1627 1577 a
1646 1537 1717 1582 Bi-

330 1631 352 1654 »
374 1612 541 1658 bebant
565 1610 679 1655 enini
713 1609 765 1654 de
797 1609 980 1672 spiritali
1012 1618 1216 1671 sequente
1242 1618 1388 1670 petra,
1424 1618 1548 1671 petra
1575 1619 1718 1655 autem

332 1705 356 1727 »
381 1693 470 1729 erat
505 1679 746 1727 Christus&
779 1681 984 1726 »Notum
1015 1691 1077 1726 est
1113 1691 1255 1726 autem
1280 1680 1393 1726 filios
1425 1682 1562 1728 lsra'cl
1596 1694 1720 1747 petra

333 1771 539 1820 percussa
567 1752 729 1798 bibisse
756 1769 911 1816 aquam
941 1753 983 1797 in
1015 1769 1175 1805 eremo,
1200 1753 1253 1798 de
1275 1753 1436 1817 quibus
1458 1752 1722 1817 loquebatur

335 1825 590 1890 ApostolUS,
615 1841 713 1869 eum
734 1823 832 1870 haec
853 1824 1040 1878 diceret3
1061 1842 1140 1870 nec.
1165 1836 1307 1870 tamen
1323 1824 1381 1870 ait
1404 1842 1413 1869 :
1438 1826 1566 1872 Petra
1585 1826 1722 1885 signi-

336 1897 501 1944 ficabat
527 1896 780 1949 Christum3
811 1896 883 1941 sed
905 1896 992 1941 ait:
1018 1918 1036 1936 «
1057 1896 1186 1942 Petra
1210 1907 1301 1942 erat
1326 1895 1543 1944 Christus.
1568 1919 1588 1939 ³>
1609 1898 1722 1954 Quae

336 1984 486 2015 rursus
513 1985 566 2012 ne
593 1966 821 2013 carnaliter
845 1968 1134 2030 acciperetur,
1163 1967 1399 2031 spiritalem
1426 1967 1545 2013 illam
1572 1978 1719 2023 vocat,

336 2037 386 2086 id
420 2049 506 2092 est,
535 2055 629 2084 eam
658 2037 909 2102 spiritaliter
938 2038 1120 2098 intelligi
1153 2037 1294 2083 docet.
1335 2039 1651 2099 Longum'est,
1683 2048 1725 2083 et

340 2126 461 2157 nunc
480 2127 568 2155 non
595 2110 901 2163 necessarium,
932 2117 1197 2153 sacramenta
1225 2105 1421 2166 ejusdem
1441 2108 1565 2167 Legis
1589 2125 1725 2173 expo-

341 2199 460 2237 nere,
488 2182 568 2227 nisi
593 2199 694 2228 cum
724 2180 914 2225 breviter
937 2179 1117 2242 possint.
1145 2178 1314 2224 Sussicit
1339 2189 1498 2235 autem,
1522 2190 1572 2225 ut
1596 2198 1725 2227 nove-

343 2252 432 2298 rint
454 2251 514 2297 illi
545 2251 621 2314 qui
645 2251 698 2297 de
724 2251 792 2296 his
819 2249 1161 2307 calumniantur,
1188 2267 1275 2295 non
1301 2268 1346 2295 ea
1370 2267 1446 2295 nos
1474 2250 1534 2295 ita
1558 2250 1726 2296 intelli-

343 2339 460 2383 gere,
485 2333 534 2368 ut
551 2322 623 2368 illa
648 2321 784 2368 solent
808 2320 1012 2375 irridere-3
1036 2321 1108 2367 sed
1131 2320 1503 2386 quemadmodum
1530 2320 1726 2384 Apostoli

346 2393 492 2439 omnia
516 2392 800 2453 intelligentes
823 2409 964 2456 pauca
987 2402 1293 2455 exposuerunt,
1322 2402 1371 2438 ut
1395 2391 1449 2437 ad
1469 2391 1640 2438 easdem
1663 2407 1727 2437 re-

345 2464 467 2523 gulas
486 2475 641 2511 caetera
662 2463 844 2528 posteris
863 2463 1142 2523 intelligenda
1167 2463 1471 2526 relinquerent.

397 2547 407 2568 ¹
430 2559 440 2577 ι
460 2548 533 2579 Cor.
550 2557 602 2585 xv,
621 2548 673 2578 53.
689 2563 732 2570 ·--
752 2544 767 2567 ²
784 2558 795 2577 1
820 2549 909 2579 Retr.
926 2558 1012 2580 xxti.
1034 2565 1075 2571 ——
1095 2544 1109 2569 3
1123 2549 1300 2583 Deut,x11‚
1323 2552 1377 2582 24.
1393 2564 1432 2569 —
1452 2543 1465 2566 ⁶
1485 2557 1496 2576 ι
1519 2547 1637 2583 Cor.x,
1657 2551 1688 2581 4.
