1795 3253
341 291 403 337 5ss
765 300 799 330 s.
844 299 1084 330 (incusum
1121 299 1323 330 muscom

343 372 474 435 nique
501 369 544 415 in
569 369 654 414 hoc
673 366 768 427 igne
788 377 932 412 nostro
954 377 1082 430 atque
1105 376 1273 411 terreno
1296 365 1393 412 luce
1421 367 1582 414 visibili
1600 368 1721 415 efful-

345 453 412 503 get
434 478 444 497 ‚
474 441 563 485 Deo
599 438 762 484 tribuat
783 475 793 491 ‚
833 437 995 483 animas
1013 437 1228 500 quaslibet
1248 474 1258 484 .
1302 453 1401 500 quae
1421 438 1618 500 profecto
1641 439 1722 485 nisi

341 510 528 558 vivendo
555 510 710 555 animae
746 525 833 554 non
869 519 991 559 sunt,
1027 526 1128 554 euin
1161 518 1333 553 tantum
1360 508 1445 554 hoc
1467 509 1612 554 lumen
1634 509 1723 556 vita

340 581 587 647 praecedat,
605 579 717 627 nolle
737 579 971 626 concedere
988 597 1035 625 ex
1054 582 1143 626 Deo
1161 596 1247 624 esse
1265 596 1275 623 :
1299 588 1340 624 et
1357 596 1458 624 cum
1479 578 1550 624 ille
1571 596 1723 626 verum

343 654 463 700 dicat
479 691 489 703 .
517 653 592 716 qui
619 651 727 698 (licit
750 669 760 696 z
789 652 838 696 ln
859 662 1072 714 quantum
1097 650 1206 696 nitet
1224 687 1234 705 ‚
1264 667 1311 695 ex
1337 650 1428 695 Deo
1448 660 1510 696 est
1531 668 1541 695 :
1564 667 1725 712 ego-ne

343 723 518 770 tandem
537 759 548 779 ‚
578 724 692 767 Deus
717 738 891 781 magne,
921 722 1128 772 mentiar,
1164 721 1197 766 si
1225 720 1369 766 dicam
1396 738 1406 765 ε
1435 721 1486 766 In
1509 731 1725 786 quantum

344 795 476 850 vivit,
498 811 544 839 ex
568 795 659 838 Deo
679 796 767 839 est?
797 794 831 837 N
838 810 894 838 on
917 809 1051 856 usque
1070 792 1176 837 adeo
1190 828 1201 848 ,
1223 807 1370 854 quaeso
1384 829 1395 847 ‚
1418 792 1590 838 caecitas
1607 809 1726 838 men-

343 865 398 910 tis
422 863 725 927 suppliciaque
758 874 995 924 augeantur
1028 862 1269 909 animorum
1287 899 1297 917 ‚
1335 873 1384 907 ut
1406 862 1504 908 liaec
1528 862 1727 908 homines

345 951 433 981 non
451 933 706 993 intelligant.
738 933 823 979 Sed
842 951 1021 998 quoquo
1042 933 1173 978 modo
1194 932 1367 978 illorum
1391 948 1509 978 error
1535 943 1609 978 aut
1626 950 1724 996 per-

348 1005 508 1051 tinacia
534 1021 619 1050 sese
647 1004 828 1049 haberet
845 1042 855 1060 ‚
888 1004 955 1049 liis
988 1021 1064 1063 ego
1088 1003 1221 1049 fretus
1246 1013 1520 1066 armatusque
1544 1003 1728 1049 rationi-

350 1075 433 1121 bus
451 1111 462 1132 ,
487 1074 616 1121 credo
635 1091 734 1119 cum
755 1074 807 1120 ad
830 1091 899 1120 eos
920 1092 1006 1119 rem
1029 1075 1086 1120 ita
1106 1074 1419 1120 consideratam
1439 1084 1729 1137 perspectam-

350 1163 435 1210 que
461 1144 705 1192 detulissem
724 1182 734 1200 ‚
757 1155 798 1190 et
821 1162 920 1191 curn
945 1145 1012 1191 his
1032 1145 1206 1209 placide
1231 1144 1505 1191 contulissem
1523 1182 1534 1201 ‚
1562 1162 1730 1192 vererer

351 1233 405 1261 ne
423 1216 533 1262 mihi
563 1215 792 1279 quisquam
828 1233 976 1261 eorum
1009 1215 1192 1275 alicujus
1220 1214 1429 1260 momenti
1451 1231 1536 1261 esse
1557 1215 1730 1262 videre-

352 1298 426 1332 tur
445 1324 456 1343 ‚
489 1286 524 1332 si
554 1297 626 1332 aut
646 1286 938 1343 intellectum,
969 1298 1043 1332 aut
1072 1304 1119 1332 ea
1149 1303 1248 1350 quae
1272 1285 1494 1331 intellectu
1528 1303 1616 1332 non
1652 1304 1732 1351 per

351 1356 568 1403 defectum
592 1358 921 1421 perciperentur
940 1396 950 1414 ,
975 1358 1115 1404 sensui
1149 1368 1380 1404 conaretur
1398 1356 1630 1421 praeferre,
1657 1369 1733 1405 aut

353 1429 503 1475 saltem
527 1445 779 1492 comparare
799 1446 1008 1492 corporeo
1024 1467 1034 1486 ,
1061 1428 1128 1475 vel
1157 1429 1225 1474 his
1248 1428 1378 1475 rebus
1399 1444 1498 1491 quae
1525 1428 1578 1474 ad
1605 1445 1733 1475 eum-

359 1499 459 1546 dem
504 1516 675 1545 sensum
715 1500 1026 1560 cognoscendae
1075 1500 1270 1547 similiter
1309 1500 1587 1563 pertinerent.
1633 1500 1733 1557 Quo

356 1570 591 1616 constituto
608 1607 618 1627 ,
647 1570 823 1633 quando
846 1570 915 1615 ille
934 1570 1044 1616 mihi
1069 1570 1137 1616 vel
1161 1571 1390 1634 quisquam
1412 1587 1565 1629 negare
1594 1570 1733 1617 aude-

355 1652 439 1698 ret,
456 1641 621 1686 animas
639 1652 852 1703 quantum
874 1641 1000 1686 vellet
1017 1640 1168 1697 malas,
1190 1651 1333 1686 tamen
1351 1641 1558 1703 quoniam
1576 1641 1734 1688 animae

355 1722 523 1767 essent,
557 1712 898 1775 intelligibilium
933 1728 1076 1758 rerum
1114 1728 1295 1758 numero
1328 1711 1565 1769 contineri,
1596 1730 1735 1776 neque

359 1782 451 1829 illas
477 1800 555 1847 per
587 1782 805 1829 defectum
840 1783 1054 1841 intelligi?
1089 1782 1312 1846 Siquidem
1338 1783 1494 1829 animae
1530 1800 1618 1829 non
1650 1783 1735 1830 alio

358 1865 519 1911 essent,
549 1854 629 1900 nisi
646 1871 733 1918 quo
756 1854 963 1901 viverent.
992 1854 1114 1899 Licet
1131 1854 1246 1899 enim
1270 1871 1347 1917 per
1371 1853 1587 1900 defectum
1610 1854 1735 1900 intel-

358 1925 594 1985 ligerentur
619 1925 811 1979 vitiosae,
849 1925 951 1988 quia
983 1924 1156 1971 virtutis
1191 1935 1373 1984 egestate
1396 1924 1564 1970 vitiosae
1596 1943 1608 1970 :
1647 1942 1735 1971 non

358 2006 502 2040 tamen
526 2012 606 2058 per
640 1994 856 2040 defectum
881 1994 1064 2050 animae,
1095 1994 1198 2058 quia
1230 1993 1417 2040 vivendo
1443 1995 1613 2041 animae.
1646 1995 1735 2040 lN'ec

359 2065 451 2112 fieri
474 2075 642 2129 potest,
670 2076 719 2110 ut
738 2064 839 2110 vitae
862 2064 1093 2127 praesentia
1121 2065 1175 2110 sit
1201 2081 1329 2110 causa
1354 2064 1609 2120 deficiendi3
1635 2083 1736 2112 cum

357 2146 479 2182 tanto
500 2135 695 2200 quidque
712 2135 884 2180 deficiat
902 2172 912 2191 ‚
934 2145 1100 2198 quanto
1121 2134 1330 2181 deseritur
1347 2153 1370 2181 a
1388 2136 1491 2182 vita.

425 2209 501 2254 IX.
544 2208 679 2253 Omni
715 2206 844 2252 modo
875 2206 1008 2265 igitur
1038 2223 1137 2252 cum
1169 2217 1334 2270 pateret
1360 2224 1448 2252 non
1481 2223 1604 2271 posse
1628 2206 1737 2254 ullas

359 2277 524 2324 animas
542 2276 598 2322 ab
618 2293 668 2322 eo
692 2286 867 2322 auctore
891 2276 1077 2339 separari
1095 2314 1104 2333 ‚
1130 2295 1150 2322 a
1169 2295 1258 2341 quo
1275 2277 1345 2323 lux
1365 2277 1442 2323 ista
1459 2294 1547 2323 non
1567 2294 1737 2341 separa-

357 2358 451 2404 tur,
475 2351 566 2406 jam
590 2345 808 2410 quidquid
831 2348 1053 2397 afferrent,
1082 2365 1167 2394 non
1187 2348 1430 2412 acciperem
1455 2365 1466 2392 t
1489 2365 1737 2394 monerem-

355 2435 440 2483 que
461 2418 607 2482 potius
624 2454 634 2472 ‚
658 2427 705 2462 ut
721 2433 792 2462 eos
814 2434 982 2462 meeum
1003 2418 1122 2481 sequi
1142 2417 1344 2475 mallent,
1368 2419 1444 2482 qui
1463 2435 1589 2465 omne
1609 2419 1737 2483 quid-

356 2489 464 2554 quid
495 2498 628 2541 esset,
663 2488 871 2551 quoniam
904 2499 1039 2545 esset,
1079 2490 1122 2535 in
1162 2501 1567 2554 quantumcumque
1602 2502 1733 2550 esset,

357 2578 405 2607 ex
431 2577 516 2606 uno
542 2560 632 2605 Deo
650 2577 734 2605 esse
757 2559 1058 2623 praedicarent.
1088 2561 1338 2608 Recitarent
1355 2561 1558 2609 adversus
1576 2579 1644 2609 me
1663 2581 1738 2611 vo-

363 2648 431 2678 ces
446 2630 540 2678 illas
565 2630 843 2691 Evangelicas
866 2647 876 2676 ε
904 2653 925 2674 <‹
948 2631 1032 2680 Vos
1062 2643 1291 2698 propterea
1314 2650 1400 2680 non
1427 2632 1608 2694 auditis,
1633 2634 1737 2699 quia
