1795 3253
246 307 422 340 CONTRA
456 306 658 338 FAUSTUM
691 305 997 346 MANICHAEUM,
1039 306 1126 337 LIB.
1169 306 1261 337 XXI.
1368 291 1460 352 536)

84 372 216 431 Quod
252 373 286 419 si
321 374 409 419 hoc
443 373 582 420 facere
632 371 872 418 absurdum
912 382 973 417 est
992 408 1002 427 ,
1041 381 1205 434 quanto
1233 370 1462 416 absurdius

85 446 225 490 Deum
249 454 290 489 et
308 444 447 507 Hylen
457 444 622 489 idcirco
635 443 743 488 duos
754 452 908 506 putare
920 441 1038 497 deos,
1053 443 1154 504 quia
1173 458 1319 486 eorum
1335 441 1461 504 quis—

89 531 174 579 que
197 513 360 578 aliquid
387 516 617 577 operetur?
647 514 929 576 Quapropter
952 513 1100 575 inepta
1120 510 1218 556 haec
1237 521 1278 555 et
1296 511 1462 556 viribus

96 585 197 630 satis
210 585 355 630 effoeta
372 583 682 644 argumentatio
704 592 781 638 est,
805 593 854 628 ut
877 582 978 645 quia
1001 581 1054 627 de
1077 598 1121 626 re
1145 580 1256 625 mihi
1278 597 1461 643 respon-

87 654 187 700 dere
226 671 313 699 non
354 654 517 716 possiS,
540 654 593 699 de
617 654 716 699 solis
743 652 995 698 nominibus
1034 651 1195 697 confles
1230 650 1455 696 invidiam.

85 725 196 770 Nam
221 741 300 769 nec
323 723 525 779 diffiteor,
543 724 672 769 etiam
692 721 910 768 interdum
929 739 1006 767 nos
1021 721 1242 767 adversam
1260 731 1459 766 naturam

83 810 339 856 nuncupare
359 793 508 849 deum,
532 793 604 839 sed
623 811 710 838 non
730 793 818 838 hoc
835 791 1076 837 secundum
1091 801 1279 836 nostram
1304 790 1453 846 fidem,

83 867 367 923 verumjuxta
391 874 715 926 praesumptum
743 866 835 922 jam
858 862 903 907 in
926 879 1019 906 eam
1039 878 1196 906 nomen
1222 879 1244 905 a
1275 860 1463 905 cultori-

83 933 168 979 bus
190 934 293 989 suis,
318 934 394 997 qui
415 951 507 979 eam
533 933 834 997 imprudenter
853 932 1098 977 existimant
1121 930 1250 975 deum
1273 948 1283 974 t
1306 947 1463 993 quem-

86 1003 324 1050 admodum
340 1015 380 1050 ct
399 1005 645 1068 Apostolus,
660 1026 680 1045 α
696 1006 827 1059 Deus,
846 1003 1006 1066 inquit,
1028 1001 1174 1047 saeculi
1187 1001 1319 1061 liujus
1330 1017 1462 1046 exere-

86 1096 107 1116 »
128 1074 242 1120 cavit
268 1085 428 1120 mentes
464 1074 707 1120 infidelium
727 1073 760 1119 1.
788 1095 808 1114 ›>
836 1075 974 1118 Deum
1002 1071 1180 1135 quidem
1211 1072 1461 1127 nominans,

87 1143 189 1207 q'uia
210 1144 271 1190 sic
287 1148 379 1204 jam
399 1156 630 1191 vocaretur
654 1162 677 1188 a
701 1143 786 1189 suis
814 1161 824 1187 ε
856 1142 929 1188 sed
955 1142 1180 1202 adjiciens,
1210 1141 1328 1204 quod
1349 1158 1464 1185 men-

86 1223 148 1259 tes
171 1224 377 1270 excaecet,
408 1224 455 1259 ut
471 1231 519 1259 ex
537 1214 624 1260 hoe
642 1213 906 1272 intelligatur
930 1230 1016 1258 non
1039 1229 1125 1257 esse
1140 1229 1264 1258 verus
1286 1212 1412 1257 Deus.
1446 1232 1465 1252 »

150 1285 209 1330 II.
240 1284 506 1344 Augustinus
520 1284 743 1348 respondit
766 1302 776 1329 ι
794 1286 912 1329 Duos
933 1283 1109 1347 quidem
1129 1283 1229 1328 deos
1252 1283 1296 1327 in
1316 1282 1466 1327 vestris

88 1354 458 1418 disputationibus
473 1356 657 1401 solemus
676 1355 842 1411 audire,
864 1355 985 1419 quod
1007 1365 1046 1399 et
1059 1355 1091 1399 si
1114 1354 1264 1417 primo
1283 1353 1461 1412 negasti,

88 1438 235 1474 tamen
251 1428 384 1492 paulo
401 1440 500 1492 post
519 1430 647 1474 etiam
672 1429 763 1492 ipse
785 1428 1003 1474 confessus
1029 1445 1086 1484 es,
1111 1427 1233 1490 quasi
1254 1426 1465 1471 rationem

87 1496 289 1555 reddens,
326 1516 406 1544 cur
423 1499 508 1545 hoe
527 1499 680 1545 dicatis
707 1517 716 1544 :
745 1500 848 1562 quia
878 1509 919 1544 et
946 1497 1177 1561 Apostolus
1203 1496 1287 1541 ait:
1314 1518 1334 1537 a
1351 1498 1466 1541 Deus

92 1588 113 1610 >³
129 1566 420 1629 saeculihujus
435 1570 665 1615 excaecavit
682 1580 844 1614 mentes
862 1568 1117 1614 infidelium.
1151 1589 1170 1608 υ
1196 1568 1340 1623 Quam
1366 1566 1469 1629 qui-

90 1637 188 1683 dem
205 1639 458 1684 sententiam
471 1639 668 1702 plerique
680 1650 873 1684 nostrum
890 1639 947 1683 ita
967 1637 1257 1696 distinguunt,
1273 1648 1320 1681 ut
1335 1638 1469 1682 Deum

90 1725 240 1753 verum
274 1707 423 1754 dicant
457 1725 688 1753 excaecasse
721 1708 964 1753 infidelium
993 1717 1168 1753 mentes,
1204 1707 1315 1751 Cum
1355 1707 1469 1751 enim

90 1777 282 1838 legerint.
303 1799 321 1818 α
335 1779 557 1841 lnquibus
570 1779 701 1832 Deus,
719 1800 737 1818 >2
753 1777 1022 1840 suspendunt
1033 1776 1434 1839 pronuntiationem
1455 1796 1465 1828 ;

97 1865 145 1894 ac
166 1859 271 1894 tunc
291 1848 499 1904 inferunt,
516 1871 536 1890 c<
551 1848 710 1894 Saeculi
725 1848 857 1907 hujus
887 1847 1119 1893 excaecavit
1141 1857 1303 1891 mentes
1321 1846 1471 1891 infide-

98 1939 116 1959 >2
128 1916 252 1964 lium.
269 1939 290 1959 >>
310 1918 444 1975 Quia2
466 1929 508 1964 et
530 1919 562 1964 si
577 1919 636 1964 ita
659 1935 747 1963 non
760 1917 1014 1977 distinguas,
1038 1916 1109 1962 sed
1124 1916 1468 1980 exponendigra-

95 1989 154 2034 tia
167 1988 226 2034 ita
242 1989 473 2035 verborum
486 1989 678 2035 ordinem
694 1999 831 2033 mutes
842 2025 854 2044 ,
871 1989 921 2033 In
932 1988 1094 2051 quibus
1112 1988 1225 2032 Deus
1240 1986 1471 2032 exeaecavit

95 2069 256 2104 mentes
277 2058 517 2105 infidelium
540 2059 688 2105 saeculi
711 2059 861 2119 hujus,
887 2058 1003 2104 idem
1030 2058 1105 2121 qui
1129 2058 1174 2102 in
1201 2057 1273 2103 illa
1294 2057 1471 2102 distinc—

95 2129 215 2175 tione
236 2146 383 2175 sensus
396 2130 553 2187 elucet,
582 2131 731 2175 Potest
753 2131 866 2175 enim
891 2129 1020 2174 etiam
1045 2128 1139 2173 talis
1157 2127 1366 2191 operatio,
1386 2143 1474 2190 qua

97 2208 368 2245 excaecantur
388 2211 550 2246 mentes
575 2200 835 2255 infidelium,
865 2198 1106 2245 secundum
1128 2197 1357 2261 quemdam
1374 2213 1471 2242 mo-

99 2269 203 2315 dum
224 2270 441 2334 pertinere
466 2271 521 2317 ad
542 2288 691 2316 verum
712 2272 877 2324 Deum3
901 2269 1019 2333 quod
1039 2287 1126 2314 non
1149 2269 1255 2314 facit
1282 2268 1469 2321 malitia,

100 2339 172 2386 sed
193 2341 391 2400 justitia:
412 2341 523 2387 sieut
553 2341 668 2388 idem
694 2341 854 2387 Paulus
901 2339 1005 2386 alibi
1045 2339 1178 2392 dieit;
1203 2361 1222 2380 c<
1246 2337 1472 2400 Numquid

101 2431 122 2452 >2
146 2410 321 2475 iniquus
341 2411 456 2456 Deus
472 2448 483 2467 ,
525 2412 600 2475 qui
621 2411 750 2457 infert
772 2412 880 2457 iram
901 2410 952 2456 2⁹³?
981 2431 1000 2451 2)
1021 2410 1129 2455 Item
1155 2409 1259 2455 alibi
1277 2427 1286 2453 :
1306 2430 1325 2449 <c
1351 2407 1473 2465 Quid

104 2502 124 2522 »
148 2497 246 2540 ergo
281 2480 466 2526 dicimus
484 2520 494 2535 ,
544 2482 715 2545 inquitz
756 2479 970 2545 numquid
1013 2479 1218 2542 iniquitas
1265 2489 1327 2523 est
1356 2477 1473 2540 apud

104 2574 125 2593 ι)
154 2551 317 2596 Deum?
335 2551 473 2598 Absit.
499 2553 639 2615 Moysi
657 2552 769 2597 enim
788 2552 895 2597 dicit
911 2569 923 2597 :
941 2551 1175 2595 Miserebor
1194 2548 1476 2595 cuimisertus

152 2634 161 2655 ¹
186 2645 202 2664 2
225 2635 407 2678 Cor.1v,4.
427 2654 473 2659 -
487 2634 503 2657 ²
518 2638 610 2666 Forte
628 2635 736 2676 Quod,
752 2653 798 2659 --—
812 2633 826 2658 3
841 2638 935 2668 Rom.
957 2645 1009 2668 111.
1032 2635 1061 2665 5.
