1795 3253
346 261 429 315 144
762 273 795 301 s.
840 272 1082 303 Aucus'rml
1119 275 1322 305 Emscorl

336 340 466 385 servis
484 354 613 383 onera
634 337 824 400 imponit
839 374 849 393 ‚
891 339 970 383 ista
993 342 1083 398 jam
1105 339 1253 384 liberis
1271 343 1428 400 Jugum
1451 343 1611 389 excutit
1629 362 1719 391 ser-

336 411 497 456 vitulis.
528 411 582 454 Et
605 408 676 453 illa
705 419 846 454 tamen
869 409 928 455 sic
955 409 1069 455 dicta
1088 421 1165 465 cst,
1190 421 1237 455 ut
1255 428 1476 458 servorum
1505 431 1632 460 onera
1657 417 1713 461 fi-

333 480 430 525 dem
463 479 759 543 praenuntient
784 479 1035 527 liberorum.
1074 503 1093 521 «
1112 481 1270 526 Omnia
1293 483 1405 527 enim
1425 521 1435 538 ‚
1476 484 1587 530 sicut
1604 485 1711 532 dicit

331 572 353 592 »
376 550 615 614 Apostolus
641 587 651 598 .
686 550 729 595 in
752 551 933 609 figuram
959 552 1270 610 contingebant
1291 551 1399 607 illis3
1425 555 1586 618 scripta
1615 568 1714 602 sunt

332 644 353 664 »
378 634 519 668 autem
543 632 721 685 propter
737 638 812 666 nos
834 622 876 666 in
894 639 1001 686 quos
1031 624 1127 668 finis
1154 623 1416 669 sacculorum
1444 625 1672 674 obvenit1.
1694 649 1714 669 »

330 694 376 739 Si
394 693 549 752 ergoin
565 695 750 751 liguram
765 693 1075 751 contingebant
1093 711 1192 757 quae
1215 694 1513 756 patiebantur,
1532 697 1575 742 in
1599 697 1714 756 sigu-

327 782 417 810 ram
445 764 723 827 accipiebant
742 780 841 826 quae
858 765 1161 812 monebantur.

393 839 504 881 Cum
530 852 629 894 ergo
653 835 732 880 ista
759 835 1046 898 respondero‚
1075 847 1114 880 et
1142 837 1226 882 hoc
1247 837 1376 882 modo
1395 854 1481 882 non
1502 853 1588 881 esse
1609 854 1712 883 con-

325 907 457 952 traria
485 906 571 952 duo
607 906 687 952 ista
727 907 918 968 capitula
958 908 1011 951 de
1042 907 1219 967 siugulis
1244 907 1529 953 Testamentis
1555 907 1713 954 collata

325 988 646 1032 monstravero,
674 976 780 1039 quid
816 977 892 1021 iste
922 976 1112 1023 facturus
1140 988 1201 1022 est
1221 1015 1230 1033 ‚
1265 989 1415 1024 contra
1443 994 1573 1042 quem
1603 977 1711 1023 dicit

321 1047 621 1107 gravissimum
648 1047 942 1092 testimonium
963 1049 1076 1093 testis
1096 1066 1225 1112 quem
1248 1060 1399 1094 contra
1414 1048 1708 1094 adversarium

319 1118 411 1182 ipse
432 1118 672 1182 produxit?
699 1119 794 1179 lpse
833 1119 947 1163 enim
995 1120 1352 1164 commemoravit
1381 1120 1434 1164 de
1476 1118 1708 1178 Evangelio

319 1189 633 1242 testimonium,
665 1187 854 1232 Domino
879 1188 1051 1233 dicente
1069 1207 1154 1234 non
1180 1188 1452 1253 coinquinari
1483 1188 1706 1234 hominem

316 1258 369 1304 iis
392 1259 497 1303 escis
521 1274 622 1320 quae
643 1256 954 1314 ingrediuntur
977 1260 1020 1302 in
1057 1275 1152 1303 eum
1183 1278 1192 1303 :
1220 1271 1261 1304 et
1298 1261 1390 1321 ipse
1429 1277 1451 1304 a
1498 1259 1706 1304 carnibus

317 1328 624 1374 abstinendum
650 1337 860 1389 tanquam
881 1327 938 1371 ab
962 1327 1201 1373 immundis
1229 1330 1335 1374 escis
1370 1346 1544 1374 monere
1570 1338 1611 1373 et
1629 1328 1707 1374 do-

314 1416 409 1445 cere
432 1417 519 1444 non
533 1408 680 1444 cessat.
714 1398 769 1441 Et
791 1407 930 1441 tamen
945 1399 1073 1443 sensit
1095 1410 1305 1462 quantam
1330 1400 1505 1463 plagam
1530 1400 1612 1445 sibi
1630 1400 1703 1445 in-

313 1470 495 1530 fligeret,
523 1479 564 1514 et
580 1478 744 1531 quanto
765 1467 855 1511 ictu
880 1484 1156 1530 repercussus
1187 1470 1341 1532 seipse
1373 1470 1598 1516 sauciaret.
1634 1470 1697 1515 Ne

312 1542 408 1604 quis
419 1540 533 1586 enim
550 1556 648 1584 eum
669 1538 1004 1596 interrog-arctet
1022 1538 1206 1584 diceret:
1232 1539 1465 1596 Quomodo
1478 1556 1578 1599 ergo
1594 1557 1693 1603 pro-

310 1611 473 1657 hibetis
512 1608 719 1654 carnibus
760 1607 900 1655 vesci.
928 1607 962 1652 si
986 1608 1199 1654 Dominus
1224 1610 1354 1665 dicit,
1381 1610 1493 1654 sicut
1526 1620 1570 1655 tu
1597 1610 1689 1673 ipse

311 1696 647 1728 commemoras:
666 1677 824 1723 «Nihil
843 1687 904 1722 est
925 1678 1167 1737 ingrediens
1189 1679 1471 1725 inhominem
1491 1680 1696 1743 coinqui-

311 1776 333 1796 ›>
356 1771 461 1798 nans
482 1768 599 1806 eum,
638 1748 711 1794 sed
731 1765 778 1793 ea
794 1764 894 1810 quat
918 1749 1162 1811 procedunt
1180 1749 1233 1796 de
1260 1768 1310 1795 eo
1335 1750 1648 1813 coinquinant?
1668 1774 1687 1793 »

308 1823 448 1871 voluit
473 1821 596 1885 quasi
613 1818 822 1865 adhibere
855 1818 1118 1864 medicinam
1142 1821 1230 1866 sine
1254 1838 1380 1865 causa
1403 1821 1449 1865 in
1476 1820 1698 1866 mortifero

307 1894 498 1941 vulnere.
534 1892 605 1937 Sic
629 1889 743 1936 enim
784 1889 930 1951 posuit
966 1890 1109 1952 ipsum
1156 1891 1464 1951 Evangelicum
1500 1892 1698 1938 testimo-

307 1966 443 2011 nium.
478 1965 529 2007 In
557 1959 791 2019 Evangelio
809 1997 819 2015 ‚
848 1960 994 2022 iuquit
1010 1997 1019 2015 ‚
1040 1960 1147 2005 dicit
1171 1961 1225 2006 ad
1251 1962 1423 2007 turbam
1447 1962 1659 2008 Dominus
1681 1981 1691 2008 ε

306 2033 504 2082 «Audite
526 2043 568 2077 et
601 2030 826 2087 intelligite
845 2067 855 2086 ‚
903 2029 1027 2075 Nihil
1053 2041 1114 2076 est
1133 2031 1374 2089 ingrediens
1398 2031 1442 2075 in
1466 2031 1691 2077 hominem

305 2128 326 2148 »
351 2103 637 2167 coinquinans
658 2117 755 2145 eum
775 2101 792 2128 2
816 2118 826 2144 ε
850 2121 869 2141 »
895 2110 936 2144 et
961 2110 1130 2146 caetera.
1159 2099 1291 2156 Quod
1311 2117 1410 2159 ergo
1434 2117 1694 2147 commemo-

303 2176 417 2222 ravit
435 2173 671 2218 Dominum
692 2170 777 2214 hoc
798 2169 852 2214 ad
873 2170 1048 2214 turham
1076 2169 1246 2225 dixisse,
1274 2170 1386 2215 nihil
1408 2170 1522 2216 aliud
1546 2181 1692 2216 osten—

304 2246 369 2293 dit
392 2283 401 2301 ,
424 2244 505 2289 nisi
527 2259 614 2287 non
633 2258 675 2285 se
694 2240 955 2300 ignorantia,
984 2239 1056 2285 sed
1072 2239 1235 2285 malitia
1252 2239 1398 2285 fecisse
1421 2240 1683 2303 quodfecit:

303 2328 353 2363 ut
375 2326 522 2380 postea
547 2312 709 2358 diceret
743 2310 1029 2356 Auditoribus
1055 2311 1140 2356 suis
1162 2310 1216 2356 ad
1242 2310 1416 2355 turbam
1447 2312 1686 2358 Dominum

303 2390 383 2435 ista
409 2387 607 2433 locutum
633 2400 741 2438 esse,
766 2400 854 2427 non
885 2382 939 2427 ad
976 2399 1138 2445 paucos
1160 2392 1346 2437 sanctos,
1376 2382 1523 2444 quales
1541 2400 1584 2429 se
1602 2384 1685 2447 ipsi

300 2459 438 2508 videri
457 2455 611 2503 volunt
637 2472 647 2499 ε
683 2464 730 2499 ut
749 2453 955 2517 quoniam
984 2471 1082 2499 suos
1109 2452 1340 2500 Auditores
1367 2464 1571 2517 tanquazn
1599 2454 1681 2499 ad-

299 2530 390 2576 huc
425 2524 674 2573 immundos
710 2526 971 2588 permittunt
1011 2525 1217 2571 carnibus
1245 2523 1387 2581 vesci,
1415 2524 1498 2570 sibi
1534 2535 1676 2572 autem

352 2612 361 2634 ¹
384 2624 395 2642 1
414 2605 694 2648 cor.x‚11.--2
717 2607 834 2640 Mauh.
853 2618 905 2651 xv,
927 2618 977 2639 11.
