1795 3253
325 265 418 324 482
754 281 788 311 S.
831 279 1074 311 Auorsrim
1112 281 1315 312 Erlscom

324 368 450 396 nov-ie
468 351 583 396 lunae
600 349 927 414 pramuntiabat
944 366 1101 394 novam
1129 360 1392 406 creaturam,
1414 348 1467 395 de
1491 367 1577 414 qua
1595 348 1704 395 dicit

327 420 558 485 Apostolus
580 438 591 465 ε
617 442 634 460 α
652 419 697 465 Si
719 437 805 483 qua
825 419 956 480 igitur
979 420 1021 465 in
1040 419 1215 465 Christo
1241 438 1351 467 nova
1374 432 1594 476 creatura,
1622 437 1703 467 ve-

329 516 349 534 »
375 504 462 538 tera
491 492 770 547 transierunt,
793 508 892 537 ecce
914 491 1026 537 sacta
1046 491 1319 538 suntnova1.
1346 514 1365 533 »
1384 494 1496 538 Cum
1511 491 1701 557 quaeris:

328 569 419 610 Cur
436 563 507 609 illa
531 562 799 622 singularum
829 579 1102 626 quarumque
1131 562 1512 610 immunditiarum
1532 562 1707 626 baptis-

329 646 461 691 mata,
486 651 586 698 quae
606 635 650 679 in
675 634 786 694 Lege
809 634 1148 698 praecipiuntur,
1170 651 1258 679 non
1279 634 1477 681 observet
1495 634 1707 680 Christia-

329 723 427 763 nus,
455 706 488 751 si
504 704 706 752 Christus
729 721 815 750 non
833 706 949 751 venit
968 706 1124 765 Legem
1145 705 1322 762 solvere,
1345 705 1416 751 sed
1440 705 1709 770 adimplere?

328 775 589 841 Respondeo
614 775 714 822 inde
744 776 890 839 potius
912 776 1008 822 hzec
1037 793 1121 822 non
1140 777 1366 823 observare
1387 777 1706 833 Christianum,

331 849 433 913 quia
461 848 612 908 sigurae
648 847 898 893 futurorum
942 857 1063 892 erant
1083 884 1093 901 ,
1122 864 1228 910 quas
1266 847 1470 893 Christus
1492 846 1704 911 implevit.

331 920 460 967 Venit
478 919 591 964 enim
617 917 880 981 consepelire
899 935 975 964 nos
1011 917 1092 963 sibi
1120 934 1198 981 per
1231 916 1500 982 baptismum
1526 918 1570 963 in
1594 934 1713 963 mor-

337 1003 452 1046 tem3
502 1001 550 1036 ut
575 988 949 1055 quemadmodum
977 989 1178 1035 Christus
1211 991 1474 1036 resurrexita
1510 989 1711 1044 mortuis,

336 1063 396 1109 sic
426 1073 468 1107 et
499 1079 575 1107 nos
602 1062 645 1106 in
679 1061 868 1106 novitate
903 1060 1005 1106 x'itae
1029 1059 1301 1106 ambulemus
1318 1061 1350 1108 2.
1387 1062 1498 1106 Cum
1527 1059 1712 1124 quaeris:

340 1133 458 1191 Quid
484 1150 625 1178 causae
652 1143 713 1177 est
746 1142 793 1177 ut
816 1132 1072 1195 scenopegia
1103 1150 1192 1177 non
1219 1132 1271 1178 sit
1294 1131 1538 1178 solemnitas
1561 1130 1718 1176 Chris-

343 1204 581 1258 tianorum,
610 1202 641 1248 si
660 1203 746 1247 Lex
774 1220 795 1247 a
819 1201 998 1247 Christo
1036 1201 1274 1266 adimpleta
1317 1213 1407 1258 est,
1436 1220 1524 1248 non
1549 1201 1718 1247 soluta?

337 1273 601 1338 Respondeo
623 1272 974 1318 Tabernaculum
1006 1272 1083 1317 Dei
1101 1272 1247 1317 fideles
1267 1276 1356 1332 ejus
1375 1290 1477 1325 esse,
1496 1272 1539 1317 in
1559 1271 1721 1335 quibus

336 1345 548 1392 charitate
566 1343 738 1388 sociatis
768 1353 809 1388 et
832 1342 1024 1406 quodam
1068 1342 1199 1388 modo
1239 1343 1480 1408 compactis
1521 1342 1721 1387 habitare

336 1416 565 1477 dignatum
586 1424 627 1458 et
651 1413 748 1459 ideo
763 1415 897 1473 magis
912 1412 1016 1459 illud
1045 1430 1133 1458 non
1158 1414 1379 1459 observari
1395 1432 1417 1459 a
1438 1412 1718 1468 Christianis,

330 1489 538 1552 quiajam
564 1484 766 1530 Christus
789 1485 833 1530 in
861 1483 1053 1529 Ecclesia
1073 1501 1149 1530 sua
1165 1522 1175 1540 ,
1202 1484 1323 1549 quod
1351 1484 1425 1531 illa
1448 1485 1587 1546 figura
1611 1501 1722 1548 pro-

336 1559 514 1624 phetice
539 1556 842 1621 promittebat,
865 1555 1079 1619 implevit.

403 1631 481 1676 XI.
519 1630 572 1674 Et
595 1644 713 1673 nunc
743 1625 920 1690 quidem
943 1627 1021 1672 ista
1048 1644 1131 1690 pro
1143 1638 1343 1691 suscepto
1369 1627 1566 1688 negotio,
1594 1644 1647 1674 ne
1673 1627 1725 1673 si-

341 1701 475 1747 lentio
509 1698 839 1764 praeterirentur
861 1734 871 1753 ,
905 1707 1068 1760 quanta
1103 1699 1330 1760 potuimus
1366 1699 1577 1745 brevitate
1603 1714 1727 1762 pers-

349 1772 588 1818 trimiinus.
621 1771 840 1813 &merum
854 1767 1133 1813 membratim
1153 1769 1501 1833 articulatimque
1516 1769 1725 1824 discussa,

344 1843 479 1888 libros
495 1857 672 1900 magnos
686 1838 932 1902 multosque
952 1838 1164 1895 fecerunt,
1182 1839 1294 1886 nihil
1321 1840 1438 1888 aliud
1463 1841 1507 1887 in
1522 1841 1581 1886 eis
1595 1857 1728 1904 quam

351 1913 579 1959 Christum
612 1909 929 1974 prophetatum
961 1909 1266 1955 ostendentes:
1303 1911 1363 1956 ita
1402 1912 1452 1956 sit
1474 1922 1522 1956 ut
1563 1911 1727 1968 omnia,

346 2003 446 2051 quae
464 2002 512 2030 ex
533 1983 608 2030 illa
629 1981 856 2044 Scriptura
881 1992 1114 2044 propterea
1151 1981 1315 2045 putatis
1348 2000 1435 2028 non
1464 1983 1687 2029 observari
1709 2000 1732 2028 a

353 2054 631 2110 Christianis,
656 2052 775 2116 quod
806 2070 854 2098 ea
877 2052 1079 2098 Christus
1103 2052 1299 2109 solverit,
1330 2066 1560 2118 propterea
1586 2054 1733 2118 potius

345 2128 617 2192 reperiantur
639 2142 727 2170 non
760 2124 979 2170 observari
1002 2143 1024 2170 a
1051 2124 1312 2170 Christianis
1331 2163 1339 2181 ,
1364 2125 1487 2189 quod
1508 2142 1556 2171 ea
1579 2125 1733 2172 Chris-

357 2211 426 2245 tus
442 2195 700 2261 impleverit.
728 2196 828 2258 lpsa
853 2195 1020 2259 quippe
1044 2194 1196 2241 talium
1215 2196 1451 2255 figurarum
1468 2196 1731 2252 observatio,

354 2267 668 2334 praenuntiatio
695 2265 859 2311 Christi
901 2266 995 2313 suit.
1036 2265 1161 2311 Unde
1195 2266 1302 2330 quid
1327 2266 1486 2312 mirum
1511 2278 1600 2324 est,
1626 2265 1735 2330 quid

357 2339 616 2395 absurdum,
647 2337 736 2384 imo
760 2336 868 2400 quid
897 2354 986 2383 non
1027 2354 1272 2398 congruum
1307 2348 1348 2384 et
1371 2349 1703 2384 consentaneum
1721 2375 1732 2394 ,

358 2413 393 2459 si
414 2422 513 2477 post
534 2414 625 2471 ejus
649 2409 827 2455 cessavit
852 2409 1086 2455 adventum
1104 2447 1114 2465 ,
1158 2408 1375 2474 quidquid
1400 2409 1498 2456 ideo
1531 2410 1664 2456 fiebat
1690 2419 1738 2456 ut

356 2488 447 2544 ejus
470 2480 788 2548 praenuntiaret
805 2479 1070 2527 adventum?
1095 2480 1265 2541 Figurae
1288 2481 1422 2541 igitur
1444 2498 1586 2528 rerum
1603 2519 1614 2538 ‚
1636 2497 1737 2546 quae

358 2555 415 2603 ad
432 2556 519 2602 hoc
538 2552 902 2609 observabantur,
924 2564 973 2599 ut
994 2553 1088 2617 ipsa
1105 2570 1254 2600 earum
1267 2553 1565 2601 observatione
1584 2565 1737 2601 ventu-

399 2640 408 2661 ¹
439 2641 540 2671 rCor.
555 2650 584 2674 v,
608 2649 660 2676 17.
683 2656 721 2661 —
741 2635 756 2658 2
775 2639 866 2668 Rom.
886 2647 928 2671 vi.
948 2643 979 2672 4.
