1795 3253
276 295 452 328 CONTRA
487 296 692 328 FAUSTUM
727 292 1030 335 MAmcnAEUM,
1069 292 1157 324 mn.
1198 293 1240 324 v.
1362 275 1451 322 263

20 363 23 416 J
84 360 382 418 credentibus,
411 372 538 426 atque
572 362 632 409 ita
660 360 917 423 graviusque
939 358 1237 404 morientibus.
1276 358 1457 403 Faustus

85 443 226 478 autem
249 433 475 479 convictus
498 433 566 479 vel
598 432 813 479 confessus
841 429 962 494 quod
997 428 1269 474 Manichaeus
1307 437 1414 473 esset
1440 465 1451 483 ‚

85 520 185 549 cum
209 503 302 549 aliis
317 503 536 549 nonnullis
556 521 699 549 secum
721 502 774 548 ad
793 500 1012 562 judicium
1029 498 1339 563 proconsulare
1357 515 1457 561 per-

85 572 227 619 ductis
242 611 253 629 ‚
281 573 339 619 eis
356 574 460 638 ipsis
482 573 741 619 Christianis
759 591 781 618 a
797 571 958 636 quibus
983 569 1184 634 perducti
1205 580 1304 615 sunt
1324 569 1461 614 inter-

86 643 339 690 cedentibus
361 682 372 701 ,
394 645 607 691 levissima
631 661 783 708 poena,
810 642 844 688 si
863 652 1007 687 tamen
1030 640 1102 686 illa
1121 657 1255 704 poena
1274 638 1460 685 dicenda

85 725 146 760 est
167 753 178 771 ,
209 715 254 760 in
273 715 457 761 insulam
478 716 688 776 relegatus
709 725 770 761 est
801 732 812 760 ε
848 712 969 778 quod
989 729 1064 758 sua
1089 721 1242 775 sponte
1267 710 1463 774 quotidie

86 785 194 832 servi
214 786 293 831 Dei
314 784 505 841 faciunt,
527 804 568 832 se
589 805 611 832 a
628 785 881 832 turbulento
902 783 1086 847 strepitu
1110 782 1376 846 populorum
1401 799 1466 827 re-

85 873 255 903 movere
279 857 529 921 cupientes;
571 869 613 903 et
648 857 763 903 unde
788 855 969 921 publica
996 865 1265 899 terrenorum
1292 852 1464 916 princi-

86 943 195 990 pum
233 938 332 973 vota
356 945 436 991 per
469 927 784 988 indulgentiam
820 926 956 972 solent
992 924 1176 971 relaxare
1212 923 1452 970 damnatos,

87 997 282 1061 Denique
299 1015 387 1044 non
411 998 548 1044 multo
573 1009 670 1062 post
691 998 792 1044 inde
815 1014 962 1043 omnes
982 995 1131 1042 eadem
1155 993 1333 1039 solemni
1354 1005 1464 1040 sorte

87 1067 250 1113 dimissi
269 1079 382 1114 sunt.
408 1069 440 1112 F
445 1068 620 1115 atemini
638 1086 738 1129 ergo
765 1068 859 1114 illos
878 1067 1008 1113 fidem
1028 1065 1212 1112 tenuisse
1228 1065 1462 1119 veriorem,

80 1137 397 1201 justioremque
411 1139 578 1185 vitam?
599 1139 674 1202 qui
687 1156 768 1202 pro
789 1156 834 1184 ea
853 1137 990 1183 multo
1008 1154 1141 1200 quam
1161 1153 1237 1182 vos
1256 1136 1467 1181 atrociora

88 1209 295 1254 sustinere
317 1220 597 1264 meruerunt3
624 1221 698 1255 aut
718 1209 898 1255 desinite
921 1208 1110 1255 vosinde
1124 1212 1289 1268 jactare
1309 1244 1319 1263 ,
1344 1206 1465 1270 quod

87 1279 234 1326 multis
256 1280 530 1328 detestabiles
550 1281 639 1327 sitis
666 1299 676 1326 :
706 1281 779 1327 sed
803 1281 1031 1327 discernite
1057 1279 1163 1344 quid
1182 1279 1235 1324 sit
1260 1295 1467 1342 persecu-

88 1351 249 1396 tionem
269 1351 364 1414 pati
387 1369 467 1415 pro
493 1351 768 1415 blasphemia
784 1389 795 1408 ,
820 1362 861 1396 et
884 1350 1228 1414 persecutionem
1261 1349 1351 1412 pati
1384 1365 1465 1412 pro

82 1421 252 1482 justitia
279 1439 288 1466 ε
315 1432 355 1467 et
387 1440 467 1485 pro
497 1439 585 1486 qua
606 1423 785 1468 istarum
813 1421 1065 1485 patiamini,
1092 1421 1137 1466 in
1170 1420 1320 1467 vestris
1343 1419 1467 1466 libris

87 1492 217 1537 etiam
243 1503 372 1559 atque
391 1492 522 1538 etiam
546 1492 774 1553 diligenter
795 1492 1015 1538 advertite.

157 1563 230 1608 lx.
274 1563 418 1619 Quam
437 1563 562 1609 multi
587 1574 729 1609 autem
749 1563 794 1608 in
817 1574 963 1608 nostra
982 1561 1286 1608 communione
1304 1560 1467 1606 veraci-

88 1643 152 1679 ter
172 1632 339 1678 faciunt
361 1633 441 1678 ista
465 1634 717 1679 sublimiora
741 1645 962 1698 praecepta
983 1632 1228 1693 evangelica
1248 1670 1258 1689 ‚
1287 1631 1340 1677 de
1360 1649 1467 1695 qno-

88 1721 187 1750 rum
204 1703 344 1767 specie
357 1703 503 1750 fallitis
515 1705 767 1769 imperitos?
791 1705 935 1762 Quam
954 1704 1081 1750 multi
1099 1703 1293 1749 homines
1311 1704 1467 1749 utrius-

89 1791 172 1839 que
195 1791 314 1819 sexus
336 1775 391 1819 ab
415 1776 533 1821 omni
568 1777 811 1822 concubitu
837 1776 938 1840 puri
960 1786 1089 1839 atque
1114 1774 1268 1834 integri
1290 1812 1300 1830 ‚
1333 1791 1465 1837 quam

88 1844 217 1890 multi
241 1846 427 1908 experti„
450 1856 491 1891 et
516 1858 663 1910 postea
689 1847 979 1903 continentes,
1014 1863 1144 1910 quam
1175 1845 1297 1890 multi
1322 1862 1467 1890 rernm

89 1931 263 1960 suarum
300 1914 605 1962 distributores
637 1928 679 1962 et
718 1917 963 1973 relictores,
991 1934 1119 1980 quam
1147 1916 1271 1961 multi
1295 1916 1470 1976 jejuniis

87 1985 156 2031 vel
174 1986 358 2040 crebris,
381 1986 450 2032 vel
470 1987 736 2051 quotidianis
756 2025 766 2043 ,
787 1987 854 2034 vel
877 1988 1005 2033 etiarn
1030 1987 1343 2033 incredibiliter
1362 2004 1465 2032 con-

87 2056 265 2102 tinuatis
282 2094 292 2112 ‚
317 2073 476 2120 corpus
492 2058 687 2104 servituti
712 2058 1018 2119 subjicientes?
1040 2059 1183 2116 Quam
1206 2058 1356 2104 multae
1374 2057 1465 2103 fra-

87 2138 219 2174 ternae
236 2128 589 2189 congregationes
602 2130 715 2176 nihil
727 2130 936 2177 habentes
954 2131 1185 2194 proprium
1200 2168 1210 2187 ‚
1231 2128 1303 2176 sed
1323 2130 1469 2175 omnia

85 2198 338 2244 communia
355 2236 366 2255 ‚
408 2209 451 2245 et
478 2199 579 2246 haec
601 2218 689 2246 non
721 2200 802 2247 nisi
828 2201 883 2247 ad
909 2202 1075 2248 victum
1099 2212 1142 2247 et
1167 2211 1461 2261 tegumentum

84 2268 346 2323 necessaria;
373 2286 504 2316 unam
527 2271 717 2317 animam
741 2281 783 2317 et
802 2289 879 2318 cor
894 2289 1031 2318 unum
1054 2273 1100 2318 in
1124 2272 1290 2328 Deum,
1312 2271 1464 2317 chari-

84 2338 182 2385 tatis
203 2338 300 2399 igne
318 2339 589 2387 conflantes?
616 2343 758 2405 Atque
778 2343 823 2388 in
854 2342 924 2389 his
947 2343 1154 2389 omnibus
1180 2342 1462 2407 professioni-

83 2409 167 2455 bus
185 2426 319 2473 quam
332 2411 459 2457 multi
470 2410 642 2459 fallaces
657 2423 699 2458 et
714 2413 874 2477 perditi
895 2413 1302 2478 deprehenduntur,
1327 2429 1460 2476 quam

82 2480 212 2526 multi
227 2482 356 2527 etiam
374 2481 510 2528 latent
524 2521 534 2539 ,
555 2499 688 2547 quam
710 2483 839 2530 multi
860 2485 1002 2549 primo
1023 2495 1137 2531 recte
1155 2483 1428 2530 ambulantes
1448 2521 1459 2539 ,

83 2567 282 2615 perversa
307 2552 529 2600 voluntate
552 2554 639 2600 cito
664 2554 905 2610 deficiunt3
932 2573 1066 2620 quam
1091 2555 1221 2602 multi
1245 2555 1291 2601 in
1320 2564 1464 2600 tenta—

84 2621 276 2670 tionibus
293 2624 591 2683 inveniuntur,
618 2625 737 2690 quod
771 2626 855 2673 alio
891 2626 1036 2674 animo
1075 2625 1204 2673 talem
1225 2626 1361 2672 vitam
1380 2625 1462 2671 ad-
