1795 3253
284 319 460 369 coNTRA
495 318 699 350 FAUSTUM
736 317 1038 367 MAMCHAEUM,
1075 321 1165 353 Lm.
1208 323 1281 353 xv.
1387 306 1480 364 403

104 402 280 451 respuas
306 385 592 451 diptychium
615 384 706 432 veri
731 383 829 441 Dei,
855 384 940 432 tuis
960 385 1214 433 membratis
1239 386 1485 445 inimicum,

102 458 264 522 quibus
295 469 360 504 tot
387 456 518 504 falsos
554 457 657 503 deos
692 455 902 503 adamasti
937 468 1081 504 mente
1117 458 1379 518 vagabunda
1410 476 1490 522 per

101 528 309 588 figmenta
342 528 660 589 cogitationum
698 537 897 584 tuarum,
931 528 1092 592 quibus
1129 529 1273 574 onmia
1312 529 1489 592 poetica

99 598 328 645 mendacia
362 599 558 659 graviora
594 608 636 644 et
671 597 931 644 honestiora
960 599 1270 661 reperirentur,
1303 600 1370 645 vel
1402 599 1490 645 1100

100 678 231 725 certe,
254 668 374 732 quod
404 668 523 731 apud
546 672 702 732 poetas
724 667 943 713 neminem
967 668 1133 732 decipit
1161 669 1252 732 ipsa
1281 668 1490 733 professio

98 737 317 796 falsitatis,
347 740 394 785 in
425 739 552 784 libris
582 750 723 784 autem
759 738 850 784 tuis
881 749 1001 784 tanta
1034 739 1305 785 fallaciarum
1347 740 1490 795 turba,

98 809 285 873 pueriles
300 821 342 856 et
353 810 400 855 in
414 809 589 855 senibus
603 809 717 855 anim
725 826 785 864 as,
802 809 981 854 nomine
996 810 1186 855 veritatis
1206 810 1387 866 illectas,
1404 811 1490 856 mi-

100 879 358 926 serabilibus
375 880 620 944 corrumpit
638 880 877 936 erroribus,
905 897 1006 925 011111
1031 880 1275 943 prurientes
1289 881 1485 935 auribus,

97 949 211 1005 sicut
223 950 456 1013 Apostolus
467 950 640 1006 dicit,ct
655 968 677 995 a
690 950 868 995 veritate
881 948 1081 995 auditum
1095 966 1219 995 suum
1233 961 1466 996 avertentes
1476 987 1487 1006 ,

99 1020 154 1066 ad
174 1019 344 1067 fabulas
368 1020 747 1068 convertuntur&
773 1020 1008 1078 Quomodo
1032 1037 1132 1081 ergo
1153 1037 1299 1066 sanam
1323 1021 1486 1066 doctri-

98 1108 201 1136 nam
226 1090 356 1136 ferres
386 1091 563 1137 illarum
589 1090 858 1145 tabularum,
887 1091 965 1136 ubi
989 1091 1181 1154 primum
1210 1102 1486 1156 praeceptum

98 1171 160 1206 est
180 1178 190 1205 t
207 1181 227 1202 ε(
248 1161 379 1217 Audi,
403 1161 559 1218 Israel,
581 1161 794 1206 Dominus
808 1162 925 1206 Deus
944 1172 1062 1217 tuus,
1082 1163 1196 1207 Deus
1216 1179 1326 1208 1111115
1343 1163 1449 1216 est23
1470 1185 1491 1204 »

98 1248 202 1277 cum
236 1241 301 1278 tot
329 1231 514 1278 deorum
544 1231 797 1277 nominibus
827 1231 1041 1278 delectata
1076 1233 1314 1296 turpissimi
1341 1232 1486 1279 cordis

96 1300 387 1348 fornicatione
403 1301 639 1349 voluteris?
663 1303 730 1347 An
747 1319 835 1347 non
853 1302 1092 1348 recordaris
1112 1303 1371 1348 amatorium
1388 1321 1491 1350 can-

100 1372 236 1417 ticum
262 1382 406 1429 tuum,
435 1372 513 1418 ubi
545 1372 754 1418 describis
786 1372 1022 1417 maximum
1048 1384 1297 1432 regnantem
1320 1390 1481 1433 regem,

97 1443 409 1506 sceptrigerum
432 1460 665 1507 perennem
685 1480 695 1499 ,
740 1442 880 1488 floreis
905 1444 1075 1489 coronis
1093 1443 1289 1489 cinctum
1313 1454 1353 1489 et
1379 1444 1489 1490 facie

97 1514 384 1560 rutilantem?
407 1515 548 1571 Quem
568 1515 602 1560 si
626 1513 766 1559 solum
788 1513 915 1559 talem
939 1532 1119 1571 amares,
1139 1514 1487 1561 erubescendum

98 1585 182 1630 tibi
205 1596 311 1631 esset
333 1603 343 1630 :
365 1603 466 1630 nam
486 1585 614 1631 etiam
636 1585 704 1631 vir
723 1601 835 1630 unus
858 1585 1000 1630 floreis
1029 1586 1199 1631 coronis
1216 1586 1385 1631 cinctus
1405 1603 1488 1649 pu-

98 1653 211 1700 dicae
243 1656 419 1716 conjugi
452 1654 714 1718 displiceret.
757 1656 907 1718 Neque
940 1655 1054 1701 enim
1078 1666 1202 1719 potes
1231 1655 1374 1701 dicere
1401 1656 1486 1702 1100

96 1725 245 1789 aliqua
269 1727 451 1790 mystica
475 1726 788 1786 significatione
808 1726 869 1771 ita
894 1726 1080 1783 dictum,
1108 1726 1172 1772 vel
1196 1726 1255 1771 ita
1281 1726 1486 1772 demons-

78 1806 280 1861 tratum,
313 1813 415 1842 cum
439 1796 524 1842 tibi
546 1797 773 1861 praecipue
802 1796 973 1842 laudari
1008 1796 1281 1842 Manichaeus
1307 1814 1393 1842 non
1426 1797 1485 1843 ob

98 1865 220 1911 aliud
244 1865 393 1923 soleat,
421 1867 504 1912 nisi
532 1866 653 1930 quod
684 1866 859 1911 remotis
892 1868 1132 1926 figurarum
1160 1867 1482 1928 integumentis,

97 1935 189 2000 ipse
218 1935 301 1981 tibi
326 1936 553 1982 veritatem
575 1935 740 1981 nudam
765 1946 807 1980 et
830 1937 1057 1999 propriam
1076 1936 1340 1999 loqueretur.
1372 1939 1486 1985 Pro-

95 2007 191 2070 prie
222 2006 352 2067 igitur
388 2017 538 2052 cantas
573 2008 715 2052 Deum
753 2023 895 2066 regem
935 2008 1266 2071 sceptrigerum,
1302 2009 1486 2056 floribus

96 2087 371 2124 coronatum.
401 2077 543 2122 Ponat
561 2075 710 2122 saltem
731 2088 972 2140 sceptrum,
1001 2077 1177 2140 quando
1202 2079 1372 2125 coronis
1395 2080 1482 2126 sso-

96 2148 178 2193 reis
194 2142 386 2208 ¹cingitur
405 2166 415 2192 :
433 2165 522 2193 non
540 2147 664 2193 decet
679 2147 807 2207 regiae
823 2148 956 2207 Virgae
972 2148 1240 2194 severitatem
1258 2149 1330 2195 illa
1348 2149 1480 2197 luxu-

95 2217 173 2263 rIae
200 2217 449 2264 mollitudo.
480 2218 582 2263 Huc
604 2216 789 2273 accedit,
813 2217 915 2281 quia
935 2234 1024 2263 non
1050 2235 1073 2262 a
1097 2228 1137 2263 te
1163 2215 1277 2263 501115
1299 2218 1480 2266 adama-

98 2298 167 2333 tus
200 2298 293 2333 est:
315 2289 501 2352 sequeris
529 2288 642 2333 enim
668 2288 884 2334 cantando
901 2325 911 2344 ,
947 2300 989 2334 01
1017 2288 1215 2349 adjungis
1245 2289 1480 2337 duodecim

98 2357 256 2424 saecula
275 2357 457 2404 floribus
475 2359 712 2405 convestita
728 2369 769 2405 et
788 2358 1019 2405 canoribus
1035 2359 1182 2423 plena,
1205 2370 1246 2405 et
1261 2359 1306 2405 in
1325 2358 1480 2407 faciem

96 2427 230 2491 patris
246 2428 372 2474 flores
393 2446 492 2475 suos
503 2429 730 2490 jactantia.
752 2429 841 2474 Ubi
857 2439 898 2475 et
914 2429 1029 2493 ipsos
1047 2428 1279 2475 duodecim
1300 2447 1477 2490 magnos

96 2497 308 2562 quosdam
350 2499 451 2546 deos
500 2500 735 2565 profiteris,
771 2511 915 2547 ternos
949 2518 1028 2565 per
1063 2511 1252 2564 quatuor
1294 2510 1475 2559 tractus,

145 2602 155 2622 ¹
178 2611 195 2631 2
214 2600 300 2635 Tim.
317 2612 363 2644 xv,
377 2600 493 2638 4.—2
510 2605 609 2636 Deut.
625 2614 673 2646 vr,
694 2609 726 2640 4.

1269 2677 1345 2724 96.
