1795 3253
361 264 445 309 160
767 277 801 308 s,
845 277 1087 309 Auocsrlm
1124 278 1326 309 Emscom

347 643 368 663 «
390 622 435 667 si
466 624 563 685 quis
598 624 693 668 vult
729 641 797 669 me
837 625 955 689 sequi
976 662 986 680 ,
1027 626 1209 683 abneget
1244 624 1520 688 semetipsum
1551 625 1663 679 sibi,
1690 635 1731 670 et

350 714 370 733 >2
393 692 513 738 tollat
531 710 704 739 crucem
727 711 865 751 suam,
888 706 930 740 et
950 707 1155 759 sequatur
1173 712 1253 741 me.
1283 695 1402 752 Quid
1420 695 1532 741 enim
1553 695 1729 759 prodest

347 783 368 804 »
388 763 555 809 homini
573 801 583 819 ‚
606 764 638 809 si
664 775 803 810 totum
824 765 1040 810 mundum
1057 765 1282 817 lucretur3
1301 765 1458 810 animae
1477 775 1620 811 autem
1639 783 1728 811 suae

346 855 367 875 >2
387 834 695 880 detrimentum
714 836 942 899 patiatur?
966 838 1052 882 Aut
1076 853 1207 898 quam
1229 835 1354 880 dabit
1378 836 1511 881 homo
1534 852 1729 882 commu-

348 927 369 947 »
391 906 595 952 tationem
621 925 702 971 pro
737 909 879 953 anima
905 925 979 953 sua
994 909 1026 955 2.
1059 930 1078 949 »
1105 907 1187 952 Sed
1210 925 1255 952 ex
1273 907 1344 952 illa
1365 908 1511 968 regula
1529 907 1725 953 ostendi-

346 989 415 1022 tur
453 995 539 1022 non
573 995 657 1023 esse
691 979 956 1024 contrarium
978 1016 987 1034 ‚
1027 995 1112 1042 qua
1145 989 1297 1024 notum
1333 996 1418 1024 esse
1445 982 1536 1037 jam
1567 977 1722 1034 debet,

339 1048 501 1093 carnali
528 1048 675 1094 adhuc
697 1050 864 1112 populo
886 1060 1171 1109 congruenter
1189 1049 1379 1094 carnalia
1399 1060 1440 1094 et
1465 1047 1722 1112 temporalia

341 1120 524 1180 praemia
555 1118 684 1164 fuisse
714 1121 958 1182 promissa,
990 1119 1062 1165 sed
1091 1131 1233 1165 tamen
1258 1120 1313 1165 ab
1344 1137 1429 1165 uno
1449 1121 1541 1164 Deo
1561 1156 1571 1173 ‚
1601 1122 1726 1178 cujus

338 1199 399 1233 est
420 1199 617 1234 creatura
637 1190 778 1234 omnis
798 1200 838 1235 et
860 1190 1057 1253 superior
1078 1201 1118 1235 et
1139 1189 1329 1236 inferior.
1356 1192 1482 1234 Certe
1502 1189 1615 1234 enim
1634 1188 1725 1251 ipse

340 1258 601 1304 Adimantus
636 1261 782 1322 posuit
820 1260 1118 1306 testimonium
1145 1260 1198 1305 de
1226 1259 1484 1319 Evangelio,
1522 1259 1600 1304 ubi
1629 1259 1724 1303 Do-

339 1328 482 1373 minus
501 1329 559 1373 ait
582 1347 592 1373 :
616 1350 635 1369 α
659 1329 986 1389 NoliteJ'urare,
1012 1347 1150 1393 neque
1169 1348 1247 1393 per
1266 1330 1428 1375 coelum
1443 1367 1453 1386 ‚
1474 1330 1578 1393 quia
1604 1329 1723 1373 thro-

338 1416 458 1444 »nus
493 1403 582 1458 ejus
612 1410 696 1453 est,
735 1417 875 1463 neque
915 1417 994 1464 per
1030 1411 1214 1455 terram,
1252 1401 1355 1464 quia
1388 1399 1626 1445 scabellum
1661 1409 1723 1443 est

338 1490 358 1510 ›>
377 1469 540 1532 pedum
557 1470 683 1529 eJ'us3.
700 1491 720 1512 »
741 1470 873 1527 Quod
889 1471 1065 1534 quidem
1082 1481 1123 1516 et
1143 1472 1186 1515 iu
1200 1471 1416 1517 veteribus
1425 1470 1570 1515 Libris
1587 1470 1722 1532 scrip-

337 1551 430 1586 tum
467 1551 527 1585 est
552 1559 562 1586 :
606 1562 626 1582 α
648 1541 823 1588 Coelum
859 1542 968 1587 mihi
1007 1541 1190 1587 thronus
1214 1552 1277 1588 est
1294 1580 1304 1598 ,
1340 1553 1449 1588 terra
1468 1541 1720 1602 ‘scabellum

339 1632 360 1653 >³
379 1611 543 1675 pedum
568 1611 808 1658 meorum&
836 1634 855 1654 »
886 1611 1005 1668 Quid
1039 1630 1137 1671 ergo
1166 1613 1325 1658 mirum
1365 1613 1399 1658 si
1423 1612 1541 1658 bona
1571 1611 1719 1656 throni

336 1683 400 1729 sui
426 1682 502 1728 dat
523 1682 775 1746 spiritaliter
801 1684 884 1728 sibi
908 1682 1218 1740 servientibus,
1240 1694 1282 1729 et
1304 1685 1422 1729 bona
1442 1682 1618 1729 scabelli
1636 1699 1718 1745 pe-

336 1753 443 1799 dum
467 1770 645 1799 suorum
669 1753 745 1800 dat
765 1754 995 1799 carnaliter
1018 1754 1101 1799 sibi
1128 1754 1438 1809 servientibus;
1464 1771 1564 1800 cum
1584 1752 1718 1816 spiri-

336 1835 403 1870 tus
441 1825 638 1888 superior
667 1826 752 1881 sit,
790 1836 831 1870 et
865 1842 966 1871 caro
998 1824 1198 1882 inferior,
1231 1827 1342 1872 sicut
1371 1826 1593 1890 superiora
1617 1834 1717 1870 sunt

333 1895 524 1941 coelestia
541 1933 551 1950 ,
579 1907 620 1942 et
650 1895 853 1942 inferiora
884 1896 1130 1942 terrestria?
1157 1898 1421 1961 Quanquam
1445 1896 1519 1943 illa
1539 1895 1682 1942 omnia
1700 1933 1711 1951 ‚

331 1965 377 2012 id
401 1977 488 2022 est,
516 1983 638 2026 ager,
675 1977 718 2012 et
747 1977 951 2030 pratum,
980 1976 1022 2012 et
1054 1965 1225 2013 fructus
1253 1968 1442 2023 ventris,
1475 1977 1517 2012 et
1546 1966 1715 2012 fructus

330 2047 455 2082 terrae
473 2052 514 2082 et
527 2041 827 2097 jumentorum
845 2076 855 2095 ‚
877 2049 919 2083 et
938 2049 1180 2083 armentum
1200 2038 1336 2084 boum
1353 2076 1363 2095 ,
1392 2049 1431 2084 et
1450 2056 1550 2101 grex
1567 2037 1712 2084 ovium

329 2109 496 2170 possint
513 2108 643 2153 etiam
666 2108 918 2172 spiritaliter
945 2107 1139 2168 intelligi.
1174 2109 1258 2157 Sed
1283 2126 1399 2155 nunc
1431 2109 1485 2155 ad
1511 2126 1601 2155 rein
1625 2126 1712 2154 non

327 2179 515 2241 pertinet
540 2178 611 2224 illa
630 2179 844 2225 tractatio.
862 2178 908 2224 Si
926 2189 1070 2225 autem
1087 2179 1242 2244 inipso
1265 2181 1389 2228 Novo
1410 2181 1704 2236 Testamenm,

330 2251 455 2306 cujus
476 2249 708 2312 praemium
733 2261 773 2295 et
796 2248 1029 2295 haercditas
1052 2249 1106 2295 ad
1135 2268 1297 2298 novum
1319 2252 1540 2298 hominem
1570 2255 1710 2317 perti-

329 2328 427 2375 net,
456 2330 600 2364 tamen
623 2331 665 2365 et
688 2321 903 2366 Dominus
925 2321 1075 2367 iisdem
1093 2321 1198 2385 ipsis
1218 2340 1325 2386 quos
1344 2324 1439 2370 vult
1458 2341 1545 2370 esse
1565 2342 1708 2370 rerum

329 2390 633 2453 temporalium
652 2403 990 2455 contemptores,
1015 2393 1124 2439 utin
1146 2394 1378 2454 Evangelio
1399 2395 1481 2441 sibi
1500 2396 1702 2451 serviant,

327 2461 546 2522 promittit
568 2461 979 2526 multiplicationem
1005 2463 1257 2511 earumdem
1282 2482 1427 2511 rerum
1445 2465 1492 2512 in
1514 2465 1603 2513 hoc
1629 2483 1706 2512 sae-

373 2548 383 2570 ¹
403 2551 501 2584 Dent.
530 2561 650 2591 xxvm,
674 2557 739 2589 1-4.
761 2569 806 2611 .-
822 2550 837 2574 ‘²
863 2551 980 2585 Manli.
999 2563 1065 2596 xvr,
1091 2556 1214 2592 24-26.
1230 2572 1273 2580 —
1293 2551 1307 2578 3
1326 2554 1375 2588 ld.
1392 2566 1424 2597 v,
1455 2556 1508 2588 35.
1534 2572 1580 2580 —
1597 2553 1612 2580 ⁴
1628 2556 1703 2589 Isai'.

325 2612 416 2643 mvi,
443 2613 472 2635 1.

1779 210 1781 282 l

352 364 372 383 ))
392 342 549 388 ventris
569 341 652 397 tui,
675 352 716 386 et
733 341 899 388 fructus
923 354 1045 389 terra*r
1067 355 1151 389 tua*
1166 380 1176 399 ‚
1197 353 1238 388 ct
1257 341 1732 403 geileratiouesjunien-
1782 337 1795 386 l-

348 425 529 458 »torum
561 424 759 469 tuorum,
795 424 836 459 et
867 425 1108 460 armentum
1141 415 1276 459 boum
1310 424 1512 470 tuorum,
1554 426 1595 460 et
1631 432 1729 474 grex
1783 415 1785 460 ζ

350 504 370 523 >>
388 484 536 528 ovium
552 494 721 528 tuarum
732 483 1011 534 ,benedictus
1026 503 1068 530 es
1085 486 1128 529 in
1145 484 1324 529 introitu
1341 494 1412 529 tuo
1427 495 1468 529 et
1480 484 1689 544 egressu1.
1713 506 1732 525 »
1784 484 1785 514 ³

351 552 465 597 Huic
485 553 680 616 capitulo
696 553 804 598 illud
823 554 977 599 dicunt
997 555 1042 600 in
1064 553 1296 613 Evangelio
1319 571 1404 599 esse
1428 555 1694 601 contrarium
1717 573 1726 600 :
1786 592 1787 603 ,
