1795 3253
359 274 419 321 66
779 285 813 315 s.
856 284 1099 315 Aucusrml
1135 281 1337 314 Emscom

358 369 450 403 tum
475 354 614 401 valere
639 351 694 398 ad
721 352 1076 398 commutandam
1095 351 1225 396 ullam
1246 350 1322 395 Dei
1343 360 1530 413 partem,
1551 361 1593 398 et
1615 368 1730 398 sum-

355 444 475 473 mum
489 423 597 470 illud
615 424 781 469 bonum
798 423 1085 485 corruptibile
1103 432 1145 466 et
1159 420 1360 466 violabile
1382 422 1585 468 credere?
1601 422 1732 480 Quod

355 496 606 542 sivoluntas
640 494 793 549 inerat,
833 493 1028 557 profecto
1071 493 1208 537 inerat
1245 502 1422 550 cogente
1445 493 1564 539 nullo
1590 504 1734 539 motus

355 566 486 612 animi
509 564 562 610 ad
589 563 755 627 aliquid
780 563 846 610 vel
867 582 953 610 non
968 562 1254 609 amittendum
1270 598 1280 615 ,
1296 561 1364 608 vel
1382 562 1727 626 adipiscendum.

354 637 449 682 1100
460 646 601 681 autem
615 633 780 697 aliquid
799 671 810 689 ,
832 645 906 680 aut
931 635 1097 680 bonum
1115 643 1230 687 erat,
1259 642 1333 677 aut
1353 633 1519 679 bonum
1541 634 1730 697 putaba-

358 718 457 753 tur:
487 724 573 751 non
602 706 715 750 enim
741 704 862 750 aliter
889 705 1036 768 appeti
1059 714 1213 766 posset.
1260 701 1408 748 sedin
1428 720 1600 749 summo
1621 703 1736 750 malo

359 789 457 823 ante
491 775 839 821 commixtionem
876 792 1007 837 quam
1043 773 1312 837 pradicant,
1350 772 1518 818 nullum
1545 791 1737 837 unquam

357 849 524 893 bonum
557 846 655 892 suit.
691 845 812 890 vnde
841 846 972 905 igitur
994 845 1056 890 ibi
1084 844 1150 889 vel
1179 843 1437 889 scientiavel
1462 844 1612 907 opinio
1630 844 1739 890 boni

361 936 446 964 esse
463 918 634 981 potuit?
650 918 715 962 An
728 916 838 961 nihil
855 916 1057 961 volebant
1075 913 1194 977 quod
1214 913 1331 977 apud
1346 931 1387 959 se
1399 925 1521 970 esset,
1546 925 1673 977 atque
1688 913 1739 960 il-

362 988 439 1034 lud
462 989 627 1033 bonum
647 1004 816 1042 verum,
832 985 951 1049 quod
963 996 1077 1030 extra
1091 995 1199 1040 erat,
1224 984 1517 1046 appetel.)ant'?
1538 984 1615 1030 ista
1639 1001 1739 1031 vero

358 1059 568 1123 praeclara
593 1069 635 1103 et
659 1075 813 1117 magna
840 1057 968 1102 laude
988 1055 1272 1121 praedicanda
1293 1055 1494 1101 voluntas
1530 1067 1619 1111 est,
1645 1072 1732 1118 qua

363 1146 583 1175 summum
627 1129 851 1192 appetitur
890 1138 932 1172 et
963 1144 1113 1173 verum
1140 1126 1325 1186 bonum2
1368 1124 1496 1170 [nde
1534 1126 1664 1185 igitur
1697 1126 1743 1171 in

363 1216 532 1245 summo
555 1198 667 1244 malo
692 1209 830 1243 motus
869 1198 1002 1242 animi
1023 1207 1140 1242 tanta
1167 1195 1292 1241 laude
1335 1195 1639 1255 dignissimus?
1676 1197 1743 1241 An

357 1269 502 1315 studio
526 1268 711 1314 nocendi
733 1268 1031 1331 appetebant?
1059 1268 1208 1311 Primo
1235 1265 1384 1311 eodem
1410 1265 1647 1311 revolvitur
1675 1283 1740 1310 ra-

359 1340 432 1386 tio.
456 1339 674 1396 Quienim
692 1355 846 1383 nocere
866 1338 977 1393 vult,
1002 1338 1120 1383 bono
1138 1337 1283 1399 aliquo
1300 1336 1394 1381 vult
1413 1336 1585 1399 privare
1603 1336 1741 1382 alium

361 1421 543 1474 propter
587 1408 765 1472 aliquod
794 1409 962 1453 bonum
1001 1425 1142 1454 suum.
1189 1408 1293 1452 Erat
1337 1407 1471 1466 igitur
1506 1407 1551 1452 in
1590 1407 1649 1452 eis
1678 1406 1746 1453 vel

364 1481 541 1527 scientia
559 1480 694 1534 boni,
719 1478 788 1523 vel
813 1479 980 1542 opinio,
1011 1495 1112 1541 quae
1136 1495 1304 1523 summo
1331 1477 1444 1523 malo
1465 1477 1586 1522 nullo
1615 1477 1746 1523 modo

363 1568 450 1597 esse
478 1549 679 1595 debebat.
716 1548 879 1593 Deinde
905 1549 1072 1593 bonum
1097 1547 1206 1593 illud
1230 1558 1345 1592 extra
1370 1565 1411 1593 se
1431 1548 1640 1610 positum,
1675 1547 1749 1593 cui

365 1637 519 1667 nocere
547 1618 803 1674 studebant,
839 1628 986 1663 utrum
1010 1618 1187 1662 omnino
1225 1628 1356 1673 esset,
1385 1617 1501 1663 unde
1527 1634 1748 1677 cognove-

366 1693 491 1756 rant.3
524 1689 569 1735 Si
604 1688 917 1745 intellexerant,
954 1688 1061 1751 quid
1092 1687 1164 1733 tali
1205 1698 1348 1733 mente
1373 1688 1658 1751 praeclarius?
1682 1690 1749 1734 An

366 1760 606 1826 quidquam
624 1769 686 1804 est
714 1758 850 1814 aliud,
882 1776 970 1822 quo
991 1759 1156 1818 magnis
1190 1758 1416 1805 laboribus
1436 1760 1575 1805 omnis
1604 1759 1751 1804 bono-

369 1848 466 1878 rum
496 1829 743 1893 porrigatur
771 1829 978 1884 intentio,
1018 1830 1098 1874 nisi
1129 1840 1177 1874 ut
1202 1845 1421 1875 summum
1447 1829 1557 1875 illud
1597 1840 1639 1875 et
1661 1830 1752 1874 sin-

373 1901 701 1947 cerumbonum
726 1899 992 1960 intelligatur
1017 1903 1036 1946 Ρ
1067 1899 1199 1957 Quod
1221 1916 1321 1959 ergo
1360 1917 1477 1946 nunc
1507 1901 1575 1946 vix
1601 1899 1753 1964 paucis

371 1971 500 2018 bonis
521 1971 730 2033 justisque
751 1970 1023 2026 conceditur,
1050 1969 1095 2015 id
1127 1981 1232 2016 tunc
1266 1970 1378 2016 illud
1402 1987 1568 2016 merum
1588 1970 1754 2015 malum

374 2040 495 2088 nullo
513 2041 632 2086 bono
654 2039 887 2099 adjuvante
902 2044 994 2099 jam
1015 2043 1214 2103 poterat?
1245 2039 1291 2085 Si
1324 2051 1465 2086 autem
1491 2040 1578 2086 illae
1597 2040 1754 2085 animae

379 2128 563 2175 corpora
585 2110 806 2171 gerebant,
828 2121 869 2155 et
886 2110 930 2156 id
953 2110 1090 2155 oculis
1110 2110 1325 2166 viderant,
1346 2110 1636 2173 quaelinguae,
1656 2126 1756 2173 quae

380 2193 575 2246 pectora,
606 2197 705 2244 quae
726 2180 897 2240 ingenia
917 2180 1147 2227 laudandis
1167 2181 1256 2226 istis
1280 2181 1417 2227 oculis
1441 2180 1756 2245 praedicandis-

381 2268 466 2315 que
497 2250 719 2296 sufficiunt
737 2286 748 2302 ,
777 2251 938 2313 quibus
963 2251 1030 2297 vix
1055 2261 1235 2315 possunt
1257 2255 1650 2311 mentesjustorum
1674 2249 1755 2296 acl-

384 2320 579 2383 aequari?
620 2322 793 2375 Quanta
826 2320 941 2366 bona
982 2322 1224 2367 invenimus
1261 2321 1306 2366 in
1341 2336 1510 2367 summo
1534 2320 1682 2366 malo?
1712 2319 1759 2365 Si

385 2390 499 2435 enim
516 2389 661 2435 videre
685 2390 823 2434 Deum
845 2390 1006 2436 malum
1022 2402 1101 2448 est,
1125 2409 1211 2438 non
1234 2402 1297 2437 est
1315 2391 1482 2437 bonum
1505 2392 1620 2437 Deus
1641 2409 1651 2436 ε
1679 2391 1756 2436 bo-

381 2476 488 2506 num
509 2469 571 2505 est
586 2469 731 2505 autem
750 2461 864 2506 Deus
883 2478 893 2505 :
927 2461 1093 2507 bonum
1118 2472 1180 2507 est
1201 2461 1334 2521 igitur
1354 2463 1492 2507 Deum
1518 2460 1690 2516 videre3
1717 2469 1760 2507 et

384 2530 529 2576 nescio
559 2529 666 2594 quid
686 2529 792 2576 huic
807 2531 926 2576 bono
949 2532 1196 2596 comparari
1218 2542 1362 2595 queat.
1392 2532 1529 2578 Porro
1548 2530 1668 2595 quod
1689 2530 1759 2578 vi-

386 2597 486 2646 dere
509 2600 676 2646 bonum
689 2610 751 2646 est
766 2637 778 2657 ,
806 2600 921 2648 unde
946 2602 1037 2649 fieri
1053 2613 1194 2666 potest
1210 2612 1258 2649 ut
1283 2618 1407 2665 posse
1422 2602 1569 2650 videre
1593 2601 1648 2649 sit
1669 2618 1760 2649 rna-
