1795 3253
287 296 462 328 CONTRA
498 294 746 327 EPISTOLAM
782 295 1038 337 ammonii-11,
1078 297 1164 327 Lm.
1209 297 1238 328 1.
1381 282 1472 327 213

161 363 326 409 XXXI.
373 361 705 416 «Habitabant‚
733 360 877 423 inquit
896 398 906 416 ‚
934 361 978 406 in
1004 361 1077 407 illa
1097 372 1207 408 terra
1231 362 1353 421 ignea
1381 378 1475 407 cor-

97 451 204 497 pora
222 470 233 490 ,
260 450 415 493 genera
434 431 598 477 seilicet
614 430 829 494 pestifera.
851 432 962 475 Cum
984 431 1091 476 dicit
1114 450 1124 477 ε
1143 432 1412 478 liabitabant
1426 449 1437 476 ι
1453 453 1473 474 »

98 504 285 550 animata
310 503 460 566 utique
486 513 613 565 atque
634 501 821 547 viventia
851 501 946 547 vult
978 502 1173 561 intelligi.
1217 502 1300 548 Sed
1332 519 1383 547 ne
1420 502 1474 548 de

96 574 231 621 verbo
246 573 503 619 calumniari
520 572 628 618 velle
650 571 892 624 videamur,
919 571 1190 618 attendamus
1204 572 1307 617 istos
1327 590 1474 618 onmes

96 645 362 692 habitatores
389 655 512 690 terrae
535 643 651 689 illius
669 680 678 698 2
704 642 1076 707 quemadmodum
1100 645 1144 688 in
1174 644 1367 707 quinque
1397 661 1475 703 ge·-

97 733 199 762 nera
219 716 316 762 viva
334 714 583 760 distribuat.
620 735 638 754 (r
657 714 740 759 Hic
764 713 948 759 infinitae
969 752 979 770 ,
1014 714 1157 777 inquit
1179 751 1188 771 ‚
1217 715 1407 760 tenebrae
1426 732 1475 760 ex

97 786 246 832 eadem
270 795 492 830 manantes
516 795 670 830 natura
692 784 1031 841 inaestimabiles,
1053 802 1153 830 cum
1178 784 1371 848 propriis
1390 785 1472 830 foe-

95 857 212 902 tibus
239 874 250 901 :
281 855 392 901 ultra
417 872 525 919 quas
559 865 681 900 erant
705 871 829 918 aquae
852 872 1041 900 coenosae
1067 872 1116 900 ae
1140 855 1332 901 turbidae
1366 872 1471 901 eum

98 926 184 972 suis
212 926 587 972 inhabitatoribus
615 943 625 970 :
653 943 838 990 quarum
872 925 1050 971 interius
1084 926 1201 971 venti
1243 925 1476 971 horribiles

98 1008 140 1043 et
162 997 437 1043 vehementes
455 1014 556 1042 cum
579 1013 654 1042 suo
683 996 884 1060 principe
906 1008 947 1042 et
973 996 1252 1057 genitoribus,
1286 998 1478 1041 Rursum

99 1068 214 1128 regio
235 1068 358 1128 ignea
382 1078 423 1113 et
449 1068 750 1131 corruptibilis
775 1085 877 1113 eum
894 1068 982 1113 suis
1007 1067 1195 1113 ducibus
1219 1077 1260 1112 et
1283 1065 1476 1113 nationi-

98 1139 195 1186 bus.
220 1139 324 1184 Pari
353 1156 471 1184 more
489 1139 726 1184 introrsum
761 1156 863 1198 gens
894 1138 1090 1198 caliginis
1115 1155 1161 1183 ac
1185 1137 1292 1183 funii
1318 1137 1447 1200 plena
1463 1174 1474 1193 ,

99 1209 145 1255 in
168 1226 254 1273 qua
275 1209 531 1255 morabatur
566 1209 767 1255 immanis
804 1209 1008 1273 princeps
1044 1221 1086 1255 et
1117 1209 1312 1254 omniun]
1352 1209 1438 1254 dux
1462 1245 1474 1265 ‚

98 1280 267 1326 habens
279 1280 393 1326 circa
413 1297 455 1325 se
474 1280 810 1326 innumerabiles
824 1281 1062 1344 principes,
1080 1298 1266 1345 quorum
1284 1279 1480 1326 omnium

98 1351 189 1414 ipse
216 1361 306 1396 erat
326 1368 446 1396 mens
470 1362 512 1397 et
529 1352 649 1411 origo
679 1369 689 1395 ε
717 1351 876 1414 haeque
899 1351 1079 1397 fuerunt
1097 1361 1264 1397 naturae
1286 1350 1480 1414 quinque

101 1433 227 1468 terrae
242 1422 472 1486 pestiferae.
491 1444 511 1464 ³>
530 1422 927 1468 Animadvertimus
944 1424 1137 1487 quinque
1164 1433 1341 1468 naturas
1360 1420 1484 1484 quasi

98 1504 245 1557 partes
264 1493 392 1539 unius
409 1504 579 1539 naturae
599 1531 609 1549 ‚
633 1511 766 1557 quam
787 1505 914 1540 vocat
935 1505 1093 1539 terram
1113 1493 1374 1557 pestiferam.
1401 1492 1483 1537 Hae

100 1574 200 1609 sunt
218 1574 364 1609 autem
386 1581 395 1608 ε
424 1564 640 1620 tenebrae,
668 1581 817 1628 aquae,
846 1565 963 1610 venti
983 1602 994 1620 ‚
1016 1565 1126 1624 ignis
1142 1602 1152 1620 ‚
1180 1563 1327 1609 fumus
1342 1601 1352 1618 ‚
1376 1579 1483 1625 quas

99 1635 294 1698 quinque
313 1646 488 1681 naturas
507 1635 567 1681 sic
586 1634 778 1690 ordinat,
806 1646 853 1681 ut
878 1637 1103 1681 exteriores
1127 1635 1293 1681 caeteris
1317 1634 1398 1678 51111
1418 1644 1482 1678 te·

100 1705 249 1751 nebrae
268 1742 279 1761 ‚
303 1724 325 1751 a
343 1706 506 1769 quibus
528 1723 757 1751 numerare
775 1706 948 1769 incipit.
979 1708 1099 1751 Intra
1125 1706 1324 1751 tenebras
1350 1721 1483 1767 aquas

102 1776 353 1831 constituit,
375 1776 490 1821 intra
512 1793 644 1839 aquas
664 1786 814 1822 ventos
833 1813 843 1832 ,
871 1777 986 1822 intra
1006 1787 1157 1823 ventos
1176 1776 1319 1836 ignem
1336 1813 1346 1831 ,
1371 1776 1484 1820 intra

100 1845 243 1905 ignem
276 1845 464 1893 fumum.
499 1848 554 1892 Et
581 1846 810 1892 habebant
848 1847 942 1893 istae
980 1848 1176 1910 quinque
1214 1857 1383 1892 naturae
1409 1863 1486 1892 sua

102 1932 289 1979 quaeque
311 1934 464 1976 genera
482 1917 831 1962 inhabitatorum
851 1934 1027 1962 suorum
1043 1955 1052 1972 ‚
1075 1934 1174 1980 quae
1198 1917 1485 1962 nihilominus

103 1986 296 2049 quinque
321 1998 435 2034 511111.
470 1988 631 2044 Quaero
652 2004 839 2051 namque
859 1998 1005 2033 utrum
1036 2005 1167 2047 genus
1194 2004 1329 2033 unum
1348 1985 1484 2031 habi-

103 2056 289 2102 tantium
311 2057 501 2103 fueritin
522 2058 726 2104 omnibus
743 2058 937 2122 quinque
954 2058 1120 2103 naturis
1133 2095 1143 2114 ,
1163 2076 1216 2115 an
1232 2057 1397 2103 diversa
1415 2074 1484 2116 ge-

103 2145 205 2173 nera
219 2165 230 2184 ‚
251 2128 363 2174 sicut
389 2140 558 2175 naturae
573 2129 681 2192 ipsae
703 2129 889 2175 diversae
909 2141 1023 2176 sunt.
1056 2130 1231 2175 Diversa
1253 2129 1382 2175 fuisse
1400 2144 1484 2173 res-

103 2198 300 2261 pondent
314 2237 325 2256 ‚
346 2210 388 2245 et
413 2200 466 2245 de
487 2200 580 2245 aliis
599 2200 724 2245 libris
744 2201 804 2246 ita
825 2200 984 2246 docent
1004 2238 1014 2252 ,
1043 2200 1162 2264 quod
1188 2200 1379 2245 tenebrae
1397 2198 1483 2244 ha-

104 2269 294 2314 buerunt
325 2281 570 2334 serpentes3
612 2287 738 2334 aquae
771 2281 966 2316 natantes
986 2308 996 2327 ‚
1031 2271 1144 2316 sieut
1175 2281 1275 2315 sunt
1306 2269 1481 2333 pisces;

104 2339 223 2385 venti
246 2340 438 2387 volantes
454 2379 464 2398 ,
487 2343 598 2388 sicut
618 2352 719 2386 511111
743 2359 865 2396 aves;
887 2341 996 2402 ignis
1018 2340 1347 2405 quadrupedes,
1374 2339 1489 2385 sicut

108 2410 224 2472 equi,
248 2410 391 2456 leones
406 2449 416 2467 ‚
439 2422 480 2458 et
502 2422 657 2458 caetera
680 2412 934 2471 hujusmodi
951 2432 961 2466 ;
981 2412 1128 2457 fumus
1147 2411 1327 2475 bipedes
1344 2446 1353 2464 ,
1375 2409 1491 2454 sicut

108 2490 208 2525 sunt
232 2480 441 2529 homines.

176 2552 481 2611 xxxltsguis
497 2555 626 2615 igitur
646 2555 725 2600 ista
746 2554 982 2610 ordinarit,
998 2554 1095 2618 quis
1118 2552 1341 2598 distribuit
1359 2561 1489 2614 atque

109 2621 328 2669 distinxit-‚3
353 2625 450 2688 quis
470 2643 728 2682 numerum,
755 2625 985 2689 qualitates
1002 2664 1011 2681 ‚
1039 2626 1225 2681 formas,
1252 2623 1385 2670 vitam
1410 2622 1490 2668 de-
