1795 3253
310 269 400 315 2228
729 283 764 312 s,
810 283 1050 314 Arcus‘rnxi
1088 283 1290 312 131¹ISCOP1

306 361 463 395 uteum
479 347 600 393 andis
615 358 831 396 naturam.
849 349 900 394 ad
916 351 1052 394 Deum
1070 349 1279 412 pertineat
1299 369 1309 403 ;
1332 366 1430 395 eum
1444 350 1566 396 audis
1581 368 1683 397 cor-

304 419 586 483 1‘uptibilein‚
609 418 662 463 ad
682 418 867 464 nihilum
893 438 902 464 t
923 421 978 465 ita
1000 431 1138 465 tamen
1166 430 1213 464 ut
1234 420 1339 482 ipsae
1359 421 1678 484 corruptiones,

302 490 499 553 quamvis
525 507 610 534 non
644 489 728 534 sint
763 509 808 535 ex
854 492 924 536 Dei
952 502 1068 546 arte,
1102 491 1145 535 in
1176 494 1266 550 ejus
1292 501 1435 536 tamen
1471 503 1684 555 potestate

302 562 387 605 sint
415 560 724 623 disponendae,
748 579 828 624 pro
850 580 989 607 rerum
1011 562 1162 607 ordine
1179 572 1220 606 et
1238 562 1398 607 meritis
1417 563 1676 611 animarum.

304 631 407 675 ldeo
421 642 531 676 reete
548 631 734 676 dicimus
748 632 885 677 abillo
902 651 986 678 esse
1004 634 1232 696 praemium
1250 643 1378 695 atque
1394 633 1677 696 supplicium.

300 702 366 747 Ita
387 702 501 747 enim
524 719 610 747 non
635 701 737 747 fecit
772 705 1097 766 corruptionem
1116 741 1127 759 ‚
1165 714 1211 748 ut
1235 704 1370 766 possit
1397 704 1680 768 corruptioni

301 789 399 817 eum
432 772 556 827 dare,
603 774 678 837 qui
711 776 935 838 corrumpi
972 774 1200 829 meruerit,
1226 773 1271 819 id
1296 785 1356 819 est
1378 811 1389 831 ‚
1417 775 1494 837 qui
1521 792 1564 820 se
1592 775 1686 838 ipse

299 844 485 907 coeperit
526 845 749 908 peccando
792 863 1070 909 corrumpere
1086 883 1095 899 ,
1130 856 1177 890 ut
1217 845 1487 891 cruciantem
1529 846 1686 891 sentiat

302 915 628 977 corruptionem
652 916 812 962 invitus
827 954 837 967 ,
860 918 931 979 qui
954 917 1248 962 blandientem
1269 916 1488 962 commisit
1513 916 1679 964 volens.

367 986 500 1032 XLV.
525 988 621 1031 Non
639 987 811 1032 enimin
831 988 979 1034 'vetere
998 989 1272 1032 'l'estamento
1293 998 1459 1032 tantum
1475 987 1688 1049 scriptum

303 1067 391 1102 est:
415 1079 434 1097 «
456 1059 546 1117 Ego
573 1058 685 1103 saeio
704 1059 819 1104 bona
838 1097 848 1115 ‚
879 1070 920 1104 et
939 1059 1080 1104 condo
1108 1058 1282 1105 malam)
1302 1058 1374 1104 sed
1394 1057 1689 1104 evidentiusin

304 1127 429 1171 Nox-0
447 1164 457 1183 ‚
497 1129 573 1173 ubi
599 1129 808 1174 Dominus
834 1129 944 1174 dicit
971 1147 981 1174 t
1014 1152 1032 1170 «
1055 1129 1197 1175 Nolite
1220 1130 1367 1174 timere
1393 1146 1462 1174 eos
1487 1129 1563 1192 qui
1584 1145 1689 1173 cor-

306 1219 327 1239 »
347 1215 431 1261 pus
452 1198 662 1245 occidunt
682 1237 692 1256 ‚
721 1211 762 1245 et
779 1200 963 1264 amplius
984 1219 1071 1246 non
1094 1201 1260 1246 habent
1277 1199 1384 1263 quid
1404 1200 1566 1245 saciant
1586 1220 1597 1254 3
1618 1199 1690 1245 sed

306 1288 326 1309 ›>
347 1285 445 1314 euin
492 1269 659 1325 timete,
706 1271 782 1334 qui
821 1288 920 1317 cum
955 1289 1114 1335 corpus
1154 1271 1391 1325 occiderit,
1436 1271 1572 1316 habet
1612 1288 1691 1333 po-

305 1361 326 1382 »
349 1350 545 1386 testatem
572 1341 758 1386 animam
787 1343 953 1387 mittere
973 1343 1016 1387 in
1037 1342 1327 1402 geliennam‘2.
1360 1363 1379 1383 ))
1420 1341 1691 1387 Voluntaria}

306 1423 450 1458 autem
476 1414 750 1477 corruptioni
771 1414 873 1460 addi
888 1414 1059 1474 judicio
1080 1414 1230 1460 divino
1252 1414 1472 1478 poenalem
1492 1431 1690 1477 corrup-

306 1483 465 1529 tionem
481 1522 491 1541 ‚
519 1484 863 1532 manifestissime
889 1485 1109 1549 apostolus
1134 1485 1295 1532 Paulus
1315 1495 1560 1534 attestatur.
1585 1502 1686 1530 eum

307 1553 415 1600 dicit
446 1573 456 1599 ι
487 1556 751 1619 «Templum
771 1557 885 1602 enim
907 1557 986 1602 Dei
1007 1568 1204 1602 sanctum
1224 1567 1286 1602 est
1301 1594 1311 1613 ‚
1330 1555 1447 1620 quod
1469 1557 1566 1601 estis
1585 1572 1661 1601 vos
1679 1573 1689 1600 :

310 1647 331 1666 »
354 1627 551 1691 quisquis
592 1628 804 1691 templum
840 1629 919 1674 Dei
959 1630 1207 1693 corruperit
1225 1667 1234 1678 ,
1275 1639 1532 1692 corrumpet
1568 1627 1694 1673 illum

312 1717 334 1738 »
362 1698 476 1741 Deus
494 1697 526 1743 ³.
549 1718 566 1738 ›>
597 1699 728 1753 Quod
749 1700 781 1743 si
805 1700 850 1743 in
876 1711 1014 1745 vetere
1048 1702 1158 1758 Lege,
1182 1699 1351 1743 dictum
1373 1710 1502 1754 esset,
1531 1698 1695 1761 quibus

309 1767 630 1813 invectionibus
647 1768 713 1813 isti
734 1769 944 1831 impetum
969 1769 1161 1814 facerent
1185 1780 1434 1815 accusantes
1455 1769 1576 1831 quasi
1599 1785 1695 1813 cor-

312 1849 536 1901 ruptorem
565 1840 736 1884 Deum?
761 1840 889 1895 Quod
924 1841 1107 1886 verbum
1132 1850 1372 1885 metuentes
1406 1839 1533 1885 multi
1572 1840 1695 1885 latini

313 1909 595 1973 interpretes‚
623 1910 854 1956 noluerunt
874 1910 1017 1957 dicere
1038 1929 1048 1956 :
1076 1912 1402 1974 «Corrumpet3
1427 1933 1446 1952 »
1476 1910 1547 1955 sed
1573 1910 1696 1956 dixe*

315 1991 418 2025 runt
442 1998 451 2024 :
477 2003 496 2021 «
515 1981 746 2044 Disperdet
769 1981 893 2027 illum
918 1983 1035 2028 Deus
1059 2002 1069 2029 ε
1094 2005 1113 2024 »
1147 1993 1188 2027 et
1215 1999 1303 2028 non
1335 1982 1559 2028 deviantes
1593 2000 1616 2026 a
1652 1998 1696 2026 re

313 2052 407 2114 ipsa
430 2089 440 2108 ‚
471 2053 746 2098 offensionem
777 2054 984 2099 vocabuli
1023 2054 1289 2102 devitarunt.
1332 2054 1597 2117 Quanquam
1626 2052 1697 2098 isti

314 2139 404 2166 non
438 2122 579 2168 minus
600 2124 908 2170 inveherentur
933 2125 977 2170 in
1005 2124 1268 2188 perditorem
1290 2125 1431 2169 Deum.
1452 2161 1461 2177 ,
1487 2123 1519 2169 si
1539 2123 1625 2168 hoc
1652 2124 1697 2167 in

316 2192 428 2252 Lege
448 2204 588 2239 vetere
613 2206 686 2239 aut
710 2195 942 2257 Prophetis
965 2196 1223 2242 invenirent.
1263 2195 1347 2240 Sed
1381 2195 1533 2255 graecis
1554 2211 1698 2238 exem—

315 2261 515 2326 plaribus
539 2265 880 2316 convincuntur,
911 2266 953 2311 in
989 2267 1151 2329 quibus
1185 2266 1450 2330 apertissime
1485 2264 1697 2327 scriptum

317 2343 380 2378 est
411 2351 420 2377 :
454 2336 699 2398 «Quisquis
725 2337 933 2400 templum
968 2338 1045 2382 Dei
1066 2337 1332 2401 corruperit,
1356 2346 1609 2398 corrumpet
1640 2333 1698 2379 il-

318 2425 338 2445 »
364 2403 455 2449 lum
482 2406 612 2453 Deus.
635 2429 654 2448 >2
677 2407 807 2463 Quod
837 2408 867 2452 si
889 2408 984 2470 quis
1005 2409 1059 2453 ab
1083 2409 1141 2453 eis
1156 2418 1340 2471 quzerat,
1362 2405 1582 2470 quomodo
1600 2404 1699 2450 dic·

317 2484 409 2519 tum
438 2476 491 2520 sit
517 2494 527 2521 ε
557 2495 609 2522 ne
634 2489 867 2541 corruptor
891 2489 1069 2541 putetur
1096 2480 1210 2524 Deus
1228 2515 1238 2534 ‚
1276 2487 1498 2540 exponunt
1522 2475 1695 2531 statim,

366 2566 471 2599 ¹Isai'.
504 2578 575 2607 arv,
598 2581 626 2609 ς,
662 2588 704 2593 —
736 2568 750 2589 '²
779 2568 893 2600 Mauh.
927 2580 956 2608 x,
985 2571 1086 2607 9⁵3,et
1114 2573 1188 2603 Luc.
1218 2579 1275 2606 xu,
1310 2575 1340 2604 4.
1372 2585 1414 2591 -
1445 2564 1459 2587 3
1499 2579 1507 2596 1
1541 2567 1615 2598 Cor.
1645 2577 1699 2606 111,

324 2618 373 2655 ¹8,
395 2624 426 2650 ct
447 2630 527 2653 xvii.
