1795 3253
191 336 364 368 commi
399 334 699 368 FORTUNATUM
734 334 925 366 MAmcu.
968 334 1234 367 DISPUTATIO
1271 336 1322 367 11.
1398 322 1459 384 89

148 403 245 450 XX.
271 404 561 450 Auensrmus
576 402 682 448 dixit
706 420 716 447 ε
742 403 798 448 Et
819 412 963 448 nostra
981 402 1086 449 fides
1109 403 1207 449 haec
1229 414 1291 449 est
1308 440 1318 460 ‚
1337 403 1458 467 quod

85 475 298 521 malorum
310 474 477 534 genitor
490 491 577 519 non
589 474 642 519 sit
658 474 788 530 Deus,
803 489 943 536 neque
957 472 1090 519 ullam
1104 485 1302 519 naturam
1313 473 1460 519 fecerit

85 545 258 592 malam.
284 544 369 590 Sed
392 561 492 590 cum
513 555 692 608 uterque
717 554 909 589 nostrum
930 545 1171 590 consentiat
1186 544 1459 607 incorrupti—

85 615 221 662 bilem
248 616 387 661 Deum
406 626 446 660 et
469 614 885 678 incoinquinabilem
900 651 910 670 ‚
945 615 1229 678 prudentium
1257 625 1319 660 est
1342 615 1462 660 aesti-

86 703 205 732 mare
226 695 267 732 et
291 685 484 731 fidelium
503 723 514 741 ,
545 703 645 749 quae
672 685 726 730 sit
751 684 858 730 fides
889 686 1043 749 purior
1073 696 1114 731 et
1137 688 1357 745 majestate
1385 685 1464 731 Dei

87 757 260 817 dignior
281 774 292 802 ε
321 756 395 802 illa
419 757 498 802 ubi
521 757 746 813 asseritur,
769 756 837 802 vel
861 757 996 802 virtus
1019 756 1100 802 Dei
1118 793 1129 813 ,
1160 755 1228 801 vel
1256 773 1357 820 pars
1380 755 1464 801 ali-

88 845 175 893 qua
196 828 306 883 Dei,
329 827 396 874 vel
417 845 555 873 sermo
591 829 671 874 Dei
694 845 817 892 posse
841 827 1130 884 commutari,
1158 827 1339 884 violari,
1367 844 1468 872 cor-

88 898 260 963 rumpi,
287 898 433 958 ligari3
456 916 509 943 an
527 916 575 944 ea
599 899 676 944 ubi
699 899 860 944 dicitur
882 909 924 944 et
949 898 1293 962 omnipotentem
1324 899 1460 943 Deum

87 979 130 1015 et
149 985 321 1014 omnem
344 968 479 1032 ipsius
496 980 695 1014 naturam
714 979 755 1014 et
780 968 1065 1015 substantiam
1097 968 1217 1014 nulla
1239 979 1362 1032 parte
1382 985 1467 1013 un—

88 1056 220 1104 quam
236 1057 360 1104 posse
381 1041 606 1104 corrumpi
626 1078 636 1095 ,
665 1040 738 1086 sed
768 1040 880 1086 mala
905 1057 991 1086 esse
1013 1039 1258 1086 voluntario
1285 1049 1467 1103 peccato

90 1110 264 1166 animae,
285 1110 355 1156 cui
373 1110 494 1156 dedit
511 1112 624 1156 Deus
641 1111 827 1156 liberum
848 1110 1095 1157 arbitrium.
1123 1110 1255 1166 Quod
1283 1110 1469 1156 liberum

90 1180 319 1226 arbitrium
342 1180 376 1226 si
398 1198 485 1227 non
508 1181 693 1227 dedisset
717 1182 831 1226 Deus
848 1219 858 1238 ,
880 1180 1100 1241 judicium
1125 1181 1338 1244 puniendi
1364 1179 1469 1226 nul-

88 1251 181 1297 lum
198 1255 368 1313 justum
393 1269 479 1298 esse
499 1263 666 1316 posset,
695 1269 773 1298 nec
799 1253 1002 1298 meritum
1022 1264 1136 1298 recte
1151 1251 1363 1308 faciendi,
1389 1268 1470 1296 nec

89 1333 362 1386 praeceptum
390 1323 589 1369 divinum
611 1333 659 1368 ut
680 1334 874 1383 ageretur
893 1322 1153 1387 poenitentia
1171 1322 1224 1368 de
1247 1321 1436 1386 peccatis
1455 1341 1467 1375 3

89 1410 168 1438 nec
194 1393 288 1456 ipsa
318 1393 588 1454 indulgentia
612 1405 896 1456 peccatorum
914 1431 925 1450 ‚
953 1411 1084 1457 quam
1104 1392 1231 1439 nobis
1256 1394 1371 1438 Deus
1393 1409 1472 1456 per

90 1464 329 1509 Dominum
353 1475 549 1510 nostrum
586 1464 733 1510 Jesum
761 1464 988 1510 Christum
1025 1463 1216 1510 donavit.
1249 1463 1363 1520 Quia
1396 1461 1473 1526 qui

89 1550 177 1579 non
195 1533 420 1580 voluntate
441 1545 596 1598 peccat
615 1572 626 1589 ‚
649 1552 737 1580 non
753 1545 920 1598 peccat.
945 1535 1041 1580 Hoc
1062 1533 1252 1580 arbitror
1268 1533 1473 1579 omnibus

90 1615 289 1667 apertum
322 1622 407 1650 esse
444 1616 574 1669 atque
606 1606 903 1669 perspicuum.
948 1606 1231 1669 Quapropter
1271 1622 1359 1650 non
1393 1621 1474 1649 nos

89 1691 262 1721 movere
285 1674 445 1733 debet,
480 1676 515 1721 si
535 1676 681 1740 aliqua
712 1677 758 1722 in
790 1676 842 1722 iis
874 1692 975 1739 quae
1014 1676 1131 1721 Deus
1158 1675 1263 1721 fecit
1294 1675 1474 1721 molesta

90 1745 284 1810 patimur
307 1763 390 1809 pro
423 1746 584 1792 meritis
609 1746 781 1794 nostris.
818 1746 944 1792 Sicut
976 1746 1091 1791 enim
1122 1745 1194 1791 ille
1222 1746 1365 1791 bonus
1384 1755 1471 1799 est,

92 1826 142 1863 ut
176 1816 455 1863 constitueret
491 1817 668 1863 omnia:
696 1818 756 1863 sic
781 1821 927 1877 justus
960 1827 1050 1874 est,
1079 1827 1127 1863 ut
1158 1816 1350 1880 peccatis
1385 1833 1475 1861 non

91 1897 260 1952 parcat.
291 1887 405 1943 Quae
430 1898 612 1951 peccata
630 1926 640 1945 ‚
673 1899 720 1934 ut
743 1887 859 1945 dixi,
880 1888 963 1934 nisi
992 1888 1129 1934 libera
1149 1887 1349 1933 voluntas
1368 1896 1476 1932 esset

91 1959 139 2004 in
157 1956 286 2003 nobis
305 1994 317 2014 ‚
352 1970 530 2022 peccata
553 1976 641 2005 non
676 1969 824 2005 essent.
867 1958 912 2004 Si
944 1959 1041 2022 quis
1067 1958 1182 2004 enim
1206 1958 1331 2004 verbi
1349 1974 1478 2003 causa

91 2028 301 2089 ligaretur
336 2029 391 2074 ab
432 2030 578 2093 aliquo
611 2030 777 2075 caeteris
810 2029 1040 2085 membris,
1076 2039 1118 2074 et
1153 2029 1207 2074 de
1228 2045 1361 2074 manu
1384 2031 1475 2087 ejus

92 2098 249 2146 falsum
267 2098 529 2145 scriberetur
555 2100 644 2146 sine
666 2103 756 2160 ejus
782 2100 964 2164 propria
988 2100 1239 2154 voluntate3
1265 2115 1416 2163 quaero
1440 2097 1475 2144 si

93 2167 338 2229 hoc‘J'udici
354 2170 600 2232 patefieret,
622 2180 765 2234 posset
782 2170 905 2216 hunc
928 2170 1152 2216 hominem
1167 2169 1363 2216 falsitatis
1385 2167 1475 2214 cri-

94 2241 211 2286 mine
233 2239 553 2287 condemnare?
582 2241 727 2298 Quare
756 2241 790 2286 si
821 2240 1097 2287 manifestum
1124 2251 1212 2296 est,
1241 2249 1475 2303 peccatum

95 2327 184 2356 non
207 2326 293 2356 esse
318 2310 397 2356 ubi
419 2328 506 2357 non
526 2321 587 2357 est
605 2311 794 2357 liberum
821 2311 1056 2358 voluntatis
1090 2310 1343 2365 arbitrium,
1374 2309 1476 2354 volo

97 2379 271 2436 audire,
298 2380 441 2427 anima
461 2418 472 2437 ‚
495 2399 628 2446 quam
647 2381 792 2428 dicitis
811 2393 883 2428 aut
908 2393 1079 2447 partem
1095 2420 1107 2440 ,
1135 2392 1210 2428 aut
1239 2381 1445 2427 virtutem
1460 2415 1473 2435 ‚

99 2462 174 2498 aut
199 2468 466 2510 sermonem,
491 2465 564 2500 aut
589 2453 705 2499 aliud
729 2454 961 2518 quodlibet
977 2455 1084 2511 Dei,
1109 2453 1216 2518 quid
1237 2451 1341 2498 mali
1357 2449 1475 2495 fece-

98 2522 182 2579 rit,
208 2533 259 2568 ut
281 2540 305 2567 a
327 2522 418 2568 Deo
439 2525 674 2588 puniatur,
705 2535 778 2570 aut
810 2525 1114 2589 poenitentiam
1151 2534 1248 2585 agat
1280 2520 1473 2586 peccati,

101 2603 176 2639 aut
191 2593 361 2640 veniam
380 2606 612 2652 mereatur,
641 2613 743 2642 cum
765 2597 878 2644 nihil
898 2598 992 2662 ipsa
1011 2596 1274 2662 peccaverit.

168 2664 303 2713 Fon'r.
329 2664 464 2714 dixit:
483 2689 505 2711 «
526 2668 591 2716 De
606 2667 858 2716 substantiis
874 2668 1103 2734 proposui,
1123 2666 1244 2733 quod
1258 2666 1477 2715 bonorum
