1795 3253
253 275 429 307 CONTRA
464 275 668 306 rAusruM
706 274 1009 317 MAMCHAEUM,
1050 278 1135 308 Lm.
1178 279 1269 308 x1x.
1386 263 1472 328 '487

93 342 340 405 mutarique
375 341 651 388 debuerunt:
685 341 802 405 quod
832 341 987 404 primis
1013 342 1291 401 Christianis,
1318 344 1395 409 qui
1425 362 1473 392 ex

92 412 119 458 J
125 411 258 459 udaeis
281 411 571 465 crediderant,
595 411 731 458 donec
755 423 906 458 contra
923 423 1011 458 tam
1029 413 1280 461 diuturnam
1295 433 1471 463 consue-

93 484 290 528 tudinem
326 482 536 546 paulatim
561 483 892 547 persuaderetur
932 495 1061 548 atque
1108 485 1162 531 ad
1201 486 1474 533 intellectum

93 553 335 618 perfectum
354 554 685 617 perduceretur,
707 565 746 600 et
762 555 863 618 quia
882 555 938 600 ita
966 555 1055 601 nati
1074 567 1195 603 erant
1213 558 1476 620 atqueinsti-

94 625 194 681 tuti,
221 626 412 671 siverunt
429 642 498 671 eos
524 625 721 688 Apostoli
738 626 930 690 patrium
950 626 1082 672 ritum
1110 627 1471 692 traditionemque

91 712 281 749 servare3
307 706 349 741 et
371 713 440 741 eos
475 695 636 760 quibus
660 697 746 742 hoc
774 714 885 760 opus
908 707 1015 752 erat,
1043 708 1091 742 ut
1110 709 1396 758 congruerent
1419 698 1469 744 il-

92 767 234 813 lorum
272 765 466 812 tarditati
493 767 772 830 moribusque
811 778 1086 815 monuerunt.
1122 769 1227 814 lnde
1251 779 1313 814 est
1348 769 1470 832 quod

94 836 374 882 Timotheum
399 837 554 882 Judaea
583 848 718 883 matre
737 848 778 883 et
796 838 951 883 Graeco
976 849 1100 901 patre
1124 850 1294 892 natum,
1330 857 1473 903 prop-

93 916 158 952 ter
173 906 286 960 illos,
313 906 367 952 ad
390 924 499 971 quos
527 907 629 953 tales
649 925 748 954 cum
767 925 816 954 eo
839 919 1029 964 venerat,
1056 909 1184 954 etiam
1199 910 1476 956 circumcidit

95 977 326 1042 Apostolus
346 977 364 1008 1
387 996 397 1023 :
427 989 554 1042 atque
575 979 665 1042 ipse
684 979 796 1025 inter
821 997 891 1025 eos
912 997 1077 1025 morem
1097 979 1351 1039 hujusmodi
1371 998 1474 1026 cus-

93 1048 268 1105 todivit,
301 1065 391 1094 non
426 1049 699 1095 simulatione
723 1049 886 1105 fallaci,
915 1050 988 1096 sed
1029 1051 1210 1096 consilio
1246 1051 1467 1115 prudenti.

93 1121 243 1184 Neque
282 1120 394 1166 enim
418 1120 479 1165 ita
514 1120 627 1165 natis
660 1130 701 1165 et
734 1120 793 1166 ita
832 1120 1039 1166 institutis
1065 1121 1186 1166 noxia
1214 1132 1336 1166 erant
1372 1121 1469 1179 ista,

93 1192 289 1255 quamvis
319 1194 410 1250 jam
447 1208 535 1236 non
564 1201 702 1236 essent
726 1191 1017 1251 significandis
1039 1191 1197 1236 futuris
1219 1192 1466 1239 necessaria.

96 1262 231 1321 Magis
249 1262 416 1325 quippe
438 1261 612 1306 noxium
646 1272 753 1316 erat,
783 1279 831 1306 ea
854 1272 1063 1326 tanquam
1089 1262 1213 1307 noxia
1238 1262 1474 1325 prohibere

93 1333 138 1379 in
177 1332 246 1377 his
284 1331 540 1377 hominihus
586 1349 720 1395 usque
762 1331 816 1377 ad
863 1349 970 1395 quos
1011 1331 1167 1377 durare
1208 1331 1466 1380 debuerunt.

97 1403 317 1460 Quoniam
347 1402 574 1458 Christus,
607 1403 683 1466 qui
706 1419 851 1448 omnes
875 1402 967 1448 illas
999 1403 1255 1467 prophetias
1293 1403 1474 1468 implere

93 1484 286 1529 venerat,
315 1473 377 1518 sic
395 1490 466 1518 eos
506 1472 697 1518 initiatos
725 1473 948 1518 invenerat
975 1490 985 1517 t
1015 1484 1064 1519 ut
1084 1478 1177 1533 jam
1205 1473 1258 1519 de
1282 1485 1467 1532 caetero,

93 1545 168 1610 qui
188 1544 305 1590 nulla
322 1544 399 1590 tali
423 1544 735 1590 necessitudine
752 1554 998 1589 tenerentur
1012 1582 1022 1600 ‚
1047 1544 1118 1590 sed
1134 1562 1181 1590 ex
1204 1545 1372 1591 diverso
1393 1563 1470 1592 ve-

93 1615 172 1662 luti
193 1614 355 1678 pariete
374 1652 384 1670 ‚
411 1614 458 1660 id
480 1626 564 1670 est,
588 1632 635 1660 ex
649 1615 887 1678 praeputio,
915 1614 969 1660 ad
986 1614 1111 1660 illum
1134 1615 1383 1675 angularem
1408 1616 1468 1661 la-

90 1686 258 1751 pidem,
294 1686 370 1750 qui
390 1697 451 1731 est
484 1685 711 1742 Christus,
753 1686 1084 1742 convenirenffl,
1120 1686 1175 1731 ad
1202 1686 1323 1732 nulla
1365 1687 1467 1733 talia

93 1767 362 1817 cogerentur.
394 1755 440 1801 Si
464 1766 604 1801 autem
627 1756 700 1812 iis,
720 1755 795 1819 qui
816 1773 862 1801 ex
888 1756 1219 1802 circumcisione
1242 1768 1465 1814 venerant,

94 1829 342 1891 talibusque
364 1827 642 1873 sacramentis
670 1827 817 1872 adhuc
837 1827 973 1873 dediti
992 1838 1130 1885 erant,
1154 1827 1268 1874 ultro
1293 1828 1467 1885 vellent,

93 1899 206 1945 sicut
229 1898 505 1953 Timotheus,
533 1898 729 1943 conferre
754 1899 1108 1958 congruentiam,
1134 1915 1222 1944 non
1255 1899 1472 1962 prohibe-

93 1979 244 2016 rentur
264 1987 275 2014 :
298 1986 447 2015 verum
471 1968 504 2014 si
520 1968 565 2014 in
588 1968 860 2029 hujusmodii
881 1970 1006 2030 Legis
1035 1969 1242 2033 operibus
1263 1981 1471 2033 putarent

94 2057 214 2087 suam
237 2057 358 2104 spem
395 2039 663 2103 salutemque
699 2040 929 2094 contineri,
960 2051 1169 2104 tanquam
1192 2059 1216 2086 a
1240 2051 1354 2087 certa
1373 2059 1471 2105 per-

93 2112 206 2157 nicie
241 2121 502 2158 vetarentur.
533 2110 660 2157 Unde
699 2121 760 2156 est
796 2110 907 2156 illud
945 2111 1168 2175 Apostoli:
1193 2132 1213 2152 «
1237 2113 1348 2158 Ecce
1372 2130 1471 2173 ergo

95 2203 116 2225 »
141 2180 302 2228 Paulus
327 2181 427 2228 dico
457 2181 609 2237 vobis,
642 2181 743 2246 quia
769 2181 804 2226 si
827 2181 1207 2227 circumcidamini
1229 2219 1239 2237 ‚
1269 2182 1476 2229 Christus

96 2275 116 2301 >2
143 2251 269 2300 vobis
291 2252 403 2298 nihil
423 2251 616 2316 proderit
640 2251 672 2299 3.
696 2275 714 2295 »
741 2252 1134 2299 Circumcidamini
1159 2253 1340 2310 scilicet,
1360 2255 1472 2301 sicut

94 2323 177 2388 ipsi
205 2323 431 2379 volebant,
451 2323 564 2369 sicut
580 2323 637 2369 eis
657 2341 679 2368 a
716 2324 983 2387 quibusdam
1014 2324 1261 2388 depravatis
1292 2342 1473 2387 persua—

95 2410 190 2440 sum
210 2390 319 2451 erat,
335 2393 454 2459 quod
475 2394 563 2440 sine
575 2394 644 2439 his
670 2395 795 2454 Legis
811 2395 1016 2458 operibus
1027 2394 1133 2441 salvi
1145 2412 1231 2440 esse
1253 2411 1341 2439 non
1363 2412 1475 2458 pos*-

95 2477 202 2515 sent.
236 2467 347 2512 Nam
372 2482 474 2530 cum
499 2467 659 2511 Gentes
698 2465 752 2511 ad
781 2466 946 2512 Christi
983 2466 1113 2512 fidem
1157 2466 1217 2511 ita
1248 2465 1469 2521 venirent,

95 2537 279 2584 maxime
306 2530 387 2601 per
403 2536 528 2583 Pauli
553 2536 739 2601 apostoli
757 2536 1116 2602 praedicationem
1135 2574 1147 2594 ,
1190 2537 1303 2583 sicut
1325 2537 1471 2584 venire

146 2622 158 2646 ¹
174 2624 247 2656 Act.
261 2633 331 2663 xvr,
350 2623 383 2654 3.
401 2640 448 2648 —
466 2620 482 2644 ²
498 2622 616 2666 EpheS.
634 2634 675 2662 11,
694 2628 809 2660 14-20.
825 2639 874 2649 —
887 2619 903 2646 3
915 2622 1021 2656 Galat.
1043 2634 1074 2661 ν,
1090 2633 1120 2652 2-
1187 2609 1189 2611 Ι
