1795 3253
247 309 421 341 CONTRA
456 307 660 341 FAUSTUM
694 306 997 347 MANICHAEUM,
1037 307 1125 339 LIB.
1167 308 1260 339 XVI.
1366 294 1459 357 427

83 376 262 433 sentire,
297 374 406 439 quid
438 375 612 421 credere
653 389 883 439 possumus
898 411 909 429 ,
950 373 1031 418 nisi
1067 373 1188 437 quod
1230 374 1462 438 Scriptura

83 450 292 493 testatur?
313 451 449 492 Porro
474 447 508 492 si
533 447 717 492 mendax
743 455 804 491 est
825 444 1107 504 Evangelium
1132 445 1461 492 disseminatum

82 527 125 563 et
150 528 303 562 notum
339 517 546 562 omnibus
577 515 800 577 gentibUS,
834 515 948 561 etab
968 515 1093 560 initio
1132 515 1459 578 praedicationis

81 588 270 634 nominis
294 587 461 633 Christi
492 588 537 632 in
562 587 762 633 Ecclesiis
786 586 989 631 omnibus
1013 586 1058 631 in
1079 597 1199 631 tanto
1220 587 1460 632 sanctitatis

83 658 275 705 culmine
304 658 597 712 collocatum3
625 675 724 721 quae
747 657 963 720 scriptura
984 657 1170 720 proferri
1192 668 1357 719 potest,
1387 675 1458 703 cui

82 729 136 775 de
150 730 328 776 Christo
348 728 453 775 fides
467 729 671 775 habenda
691 729 777 774 sit?
799 728 918 785 Quid
935 729 1096 791 poteris
1114 728 1308 791 proferre
1324 728 1457 792 scrip-

84 811 175 846 tum
193 837 204 855 ‚
231 800 352 864 quod
371 816 460 845 non
484 799 555 845 ille
572 800 649 863 qui
669 800 755 845 hoc
780 816 869 844 non
893 799 988 844 vult
1007 798 1203 853 credere,
1235 798 1353 844 dicat
1371 816 1458 845 esse

82 871 339 925 confictum,
366 871 399 915 si
421 880 540 916 tanta
566 869 787 930 Evangelii
806 869 959 915 notitia
977 870 1094 916 venit
1117 870 1162 914 in
1182 869 1385 917 dubium.

145 942 248 987 ΧΠ.
291 940 457 986 Deinde
481 941 731 1001 subjungis,
768 941 914 1004 ipsum
940 951 980 986 te
1013 939 1180 985 audisse
1210 940 1454 986 dicentem:

81 1011 196 1057 fures
215 1010 346 1056 fuisse
364 1022 405 1056 et
423 1011 610 1056 latrones
628 1028 775 1056 omnes
804 1012 882 1075 qui
899 1020 1112 1056 venerunt
1138 1021 1235 1055 ante
1253 1028 1307 1057 se.
1336 1010 1460 1056 [finde

81 1081 205 1127 illurn
234 1081 393 1127 audisti
418 1082 505 1128 hoc
534 1082 752 1128 dicentem
774 1119 784 1138 ,
823 1082 905 1128 nisi
934 1100 981 1127 ex
1012 1081 1313 1143 Evangelio1?
1348 1082 1402 1127 At
1426 1083 1460 1128 si

81 1152 168 1198 hoc
185 1189 196 1209 ‚
223 1153 342 1215 quod
372 1153 430 1198 ita
461 1153 600 1198 credis
624 1170 671 1198 ex
706 1153 940 1213 Evangelio
957 1191 968 1210 ,
999 1163 1048 1199 ut
1072 1164 1278 1217 tanquam
1304 1170 1349 1198 ex
1388 1170 1461 1199 ore

83 1222 261 1268 Domini
280 1223 445 1269 audisse
465 1234 506 1268 te
530 1223 649 1269 dicas
664 1261 674 1279 ,
699 1224 806 1269 alius
824 1223 978 1269 falsum
999 1241 1085 1270 esse
1105 1224 1367 1280 contendat,
1391 1235 1460 1269 at-

83 1309 168 1357 que
181 1294 269 1340 lioc
283 1294 437 1340 dixisse
458 1294 687 1340 Christum
707 1306 832 1355 neget
850 1315 861 1349 3
884 1312 972 1358 quo
1007 1295 1125 1340 ibis?
1159 1295 1267 1358 quid
1299 1296 1459 1341 facies?

83 1364 239 1411 Nonne
264 1365 556 1426 evangelicam
576 1366 875 1411 auctoritatem
894 1366 1068 1430 quantis
1086 1368 1279 1430 potueris
1295 1367 1464 1413 viribus

82 1435 380 1499 praedicabis?
408 1438 553 1492 Miser,
582 1436 672 1482 illic
696 1437 907 1500 scriptum
934 1448 996 1482 est
1021 1437 1141 1500 quod
1165 1454 1253 1482 non
1279 1438 1343 1484 vis
1365 1454 1464 1483 cre-

83 1505 211 1562 dere,
241 1507 319 1552 ubi
344 1506 539 1552 didicisti
571 1506 691 1570 quod
719 1507 778 1553 ita
808 1506 947 1553 credis
966 1544 976 1563 ,
1018 1518 1066 1552 ut
1100 1507 1187 1553 hoc
1221 1518 1261 1552 te
1295 1507 1465 1570 abipso

85 1577 264 1631 Christo
282 1577 402 1623 dicas
420 1577 605 1623 audisse.
629 1579 742 1623 Ecce
757 1595 834 1623 nos
855 1589 1092 1641 utrumque
1107 1577 1343 1634 credimus,
1365 1577 1468 1641 quia

83 1647 318 1708 Evangelio
339 1658 489 1693 sancto
512 1647 732 1693 credimus
747 1685 758 1704 ,
789 1648 867 1693 ubi
887 1659 1122 1712 utrumque
1140 1648 1351 1711 scriptum
1371 1660 1432 1694 est
1450 1686 1460 1703 ,

82 1728 124 1763 et
141 1718 194 1763 de
209 1719 386 1763 Christo
400 1718 646 1780 scripsisse
636 1720 737 1764 Mov
741 1719 842 1764 sen‘2
851 1729 923 1775 ‚et
936 1736 1083 1764 omnes
1098 1719 1175 1782 qui
1191 1730 1289 1764 aute
1307 1720 1465 1765 Chris-

82 1799 176 1834 tum
202 1799 435 1843 venerunt,
470 1787 585 1834 fures
607 1787 736 1834 fuisse
765 1799 807 1834 et
837 1789 1072 1836 latrones-⁶³.
1102 1789 1274 1835 Venisse
1299 1791 1465 1868 quippe

83 1859 142 1905 ita
166 1858 262 1905 vult
283 1858 488 1919 intelligi,
529 1859 632 1922 quia
656 1858 774 1904 missi
797 1876 886 1904 non
918 1870 1018 1905 sunt
1058 1877 1068 1904 ε
1108 1878 1209 1905 nam
1237 1861 1314 1923 qui
1347 1861 1465 1906 missi

83 1940 215 1985 sunt,
243 1929 358 1975 sicut
377 1931 546 1992 Moyses
565 1940 606 1974 et
626 1930 763 1974 sancti
782 1930 1046 1993 Prophetae,
1067 1947 1156 1975 non
1181 1941 1277 1975 ante
1298 1931 1461 1993 ipsum,

84 2000 158 2046 sed
179 2017 278 2046 cum
304 2001 400 2064 ipso
423 2010 634 2046 venerunt
671 2017 681 2044 ε
723 2000 826 2063 quia
852 2016 942 2045 non
973 2017 1073 2045 eum
1103 2018 1182 2063 per
1213 2001 1465 2064 superbiam

84 2069 332 2135 praecedere
352 2069 585 2116 voluerunt
600 2107 610 2125 ,
639 2069 712 2115 sed
736 2086 833 2115 eum
852 2087 931 2133 per
953 2070 1069 2133 ipsos
1091 2070 1342 2134 loquentem
1372 2071 1464 2117 hu·-

84 2141 245 2187 militer
263 2152 565 2204 portaverunt,
593 2141 679 2186 Vos
705 2150 871 2197 autem,
900 2143 977 2204 qui
1005 2141 1104 2187 haec
1131 2141 1307 2186 Domini
1330 2142 1464 2188 verba

85 2212 146 2258 sic
164 2212 403 2273 intelligitis
425 2250 436 2268 ,
460 2212 701 2259 secundum
720 2216 912 2258 vestrum
935 2212 1211 2258 intellectum
1234 2213 1332 2258 satis
1351 2230 1463 2259 con-

85 2284 293 2341 fitemini,
332 2285 476 2330 nullos
509 2302 586 2332 vos
617 2284 780 2329 habere
812 2283 1086 2347 Prophetas,
1117 2284 1195 2348 qui
1229 2295 1463 2330 venturum

85 2354 313 2401 Christum
336 2355 697 2419 prophetaverint
728 2373 738 2400 ε
770 2364 811 2399 et
834 2354 933 2400 ideo
951 2355 1077 2401 vobis
1101 2372 1199 2400 eum
1228 2355 1340 2400 sicut
1379 2372 1462 2401 vo—

85 2424 252 2480 luistiS,
287 2426 479 2474 finxistis.
515 2428 625 2473 Nam
656 2426 689 2471 si
724 2423 862 2489 aliqui
893 2426 1054 2483 vestri,
1088 2426 1250 2489 quibus
1282 2425 1463 2489 quidem

86 2506 318 2560 propterea
337 2497 442 2543 fides
458 2496 663 2544 habenda
685 2507 886 2552 nonest,
921 2497 1024 2561 quia
1052 2514 1142 2542 non
1174 2496 1253 2542 nisi
1278 2514 1301 2541 a
1337 2497 1462 2543 vobis

88 2565 394 2630 proferuntur3
420 2579 563 2615 tamen
591 2567 627 2614 si
646 2566 782 2632 aliqui
801 2578 903 2614 sunt
921 2605 931 2625 ,
966 2584 1076 2634 quos
1104 2567 1247 2614 dicere
1272 2567 1465 2614 audeatis

137 2650 148 2672 ¹
164 2652 259 2686 Joan.
275 2661 307 2691 x,
326 2654 358 2686 8.
375 2670 420 2678 —-
437 2651 514 2685 ²1d.
534 2662 563 2689 v,
580 2653 635 2689 46.
649 2668 693 2677 —
711 2648 724 2674 3
743 2651 792 2685 Id.
804 2662 837 2692 x,
854 2652 886 2685 8.
900 2683 908 2693 ‚
