1795 3253
317 258 409 312 540
737 273 771 302 s.
819 273 1058 303 Arcus‘rixi
1097 274 1300 304 EPISCOPI

314 359 335 378 »
355 337 542 399 Propter
563 336 680 399 quod
709 347 858 382 notum
879 338 990 383 facio
1010 356 1025 384 x
1039 338 1134 384 obis
1150 376 1161 395 ,
1190 340 1291 402 quia
1313 357 1438 386 nemo
1459 341 1502 386 in
1524 340 1693 404 Spiritu

314 430 334 449 »
357 407 435 453 Dei
454 407 633 470 loquens
651 445 661 457 ,
689 407 797 452 dicit
818 409 1047 454 anatliema
1072 410 1174 455 Jesu
1201 428 1211 455 ε
1242 421 1282 456 et
1307 428 1432 456 nemo
1460 422 1602 474 potest
1621 411 1694 457 di-

314 500 334 520 »
355 495 448 523 cere
465 514 475 532 ,
503 478 713 523 Dominus
729 478 875 535 Jesus,
900 480 979 524 nisi
1003 480 1046 524 in
1070 479 1239 542 Spiritu
1258 491 1421 527 sancto.
1448 482 1689 528 Divis-iones

313 568 334 591 »
355 559 498 594 autem
522 547 807 594 donationum
834 561 932 595 suut
950 588 960 605 ‚
990 550 1103 595 idem
1130 561 1273 596 autem
1297 552 1486 615 Spiritus
1516 571 1526 597 :
1556 563 1598 598 et
1622 551 1696 598 di-

314 619 534 665 »visiones
554 619 919 665 ministrationum
941 631 1067 676 sunt,
1101 631 1142 666 et
1170 621 1285 667 idem
1317 623 1409 685 ipse
1436 623 1654 668 Dominus
1682 639 1692 667 :

312 700 395 735 »et
427 688 657 734 divisiones
684 690 986 752 operationum
1022 701 1145 746 sunt,
1175 691 1291 737 idem
1321 710 1422 738 vero
1450 694 1588 748 Deus,
1622 692 1699 756 qui

316 783 337 802 »
357 759 502 805 onmia
532 770 737 822 operatur
761 761 806 805 in
843 762 1061 808 omnibus,
1106 762 1355 827 Unicuique
1389 774 1534 808 autem
1571 762 1701 809 datur

317 855 338 874 ))
358 828 645 876 manifestatio
674 831 863 895 Spiritus
891 832 943 877 ad
976 832 1203 878 utili-tatem
1227 851 1237 878 ε
1267 833 1336 879 alii
1361 834 1537 897 quidem
1571 834 1702 879 datur

317 924 338 945 >›
357 919 435 966 per
459 901 673 964 Spiritum
707 920 845 948 sermo
869 903 1122 966 sapientum
1147 903 1218 949 alii
1252 921 1390 950 sermo
1416 904 1606 950 scientiae
1633 921 1702 950 se-

315 994 339 1015 »
359 971 555 1019 cundum
574 972 775 1018 eumdem
793 972 1005 1036 Spiritum
1024 993 1034 1027 ;
1058 974 1179 1019 alteri
1200 985 1343 1020 autem
1364 974 1469 1019 fides
1488 974 1531 1020 in
1550 974 1702 1020 eodem

318 1043 552 1106 »Spiritu3
582 1043 653 1089 alii
682 1043 857 1089 donatio
885 1045 1161 1090 curationum
1198 1046 1243 1090 in
1279 1062 1366 1090 uno
1401 1044 1600 1108 Spiritu3
1632 1044 1705 1090 alii

318 1113 632 1177 »operationes
656 1115 900 1168 virtutum3
930 1115 1000 1160 alii
1031 1116 1292 1178 prophetia3
1337 1115 1409 1161 alii
1443 1114 1705 1175 dijudicatio

322 1206 344 1228 ³)
364 1185 621 1248 spirituum3
662 1185 733 1231 alii
778 1203 931 1245 genera
978 1186 1224 1247 linguarum
1245 1207 1256 1240 ;
1297 1186 1369 1232 alii
1406 1185 1707 1250 interpretatio

324 1272 614 1301 »sermonum
644 1273 655 1299 ι
699 1256 843 1301 onmia
877 1266 1022 1301 autem
1058 1256 1157 1302 haec
1191 1267 1397 1319 operatur
1430 1273 1542 1301 unus
1580 1265 1709 1319 atque

324 1348 347 1369 ³>
370 1325 482 1371 idem
510 1325 722 1390 Spiritus,
750 1326 949 1373 dividens
972 1326 1154 1390 propria
1176 1327 1413 1391 unicuique
1433 1336 1567 1390 prout
1590 1325 1699 1372 vult.

325 1419 348 1440 »
369 1396 492 1443 Sicut
511 1397 626 1442 enim
649 1414 811 1461 corpus
844 1414 981 1443 unum
1005 1407 1066 1443 est
1088 1407 1130 1442 et
1163 1397 1359 1442 membra
1384 1397 1520 1442 habet
1545 1395 1707 1452 multa,

324 1490 346 1510 υ
366 1468 511 1513 onmia
539 1478 683 1513 autem
704 1468 900 1514 membra
925 1468 1121 1531 corporis
1151 1484 1253 1513 eum
1278 1468 1364 1513 sint
1385 1466 1548 1523 multa,
1576 1483 1712 1512 unum

324 1559 346 1580 >³
367 1549 428 1585 est
453 1555 613 1601 corpus
638 1556 649 1584 :
677 1539 736 1585 ita
754 1549 796 1584 et
821 1539 1038 1585 Christus.
1069 1538 1240 1584 Etenim
1264 1539 1309 1583 in
1328 1555 1414 1584 uno
1440 1538 1608 1601 Spiritu
1636 1553 1715 1582 nos

328 1632 349 1652 »
371 1626 518 1656 omnes
541 1609 586 1654 in
609 1626 746 1655 unum
771 1627 931 1673 corpus
954 1609 1165 1673 baptizati
1201 1626 1349 1655 sumus
1364 1647 1376 1666 ,
1414 1610 1500 1655 sive
1538 1607 1684 1654 Judaei
1699 1643 1712 1664 ,

330 1680 458 1726 »sive
497 1680 666 1735 Graeci,
703 1681 790 1726 sive
828 1680 967 1736 servi,
996 1681 1084 1726 sive
1124 1680 1285 1725 liberi:
1316 1690 1358 1725 et
1398 1695 1547 1724 omnes
1578 1693 1716 1724 unum

330 1772 353 1793 ))
373 1750 588 1814 Spiritum
626 1751 891 1813 potavimus.
931 1750 1104 1795 Etenim
1149 1766 1309 1813 corpus
1350 1767 1439 1795 non
1476 1759 1538 1793 est
1576 1765 1716 1794 unum

334 1844 355 1864 ))
375 1821 647 1876 membrum,
673 1820 746 1866 sed
770 1820 922 1867 multa.
952 1820 998 1866 Si
1021 1820 1176 1866 dixerit
1211 1837 1286 1883 pes
1314 1837 1324 1864 ε
1348 1820 1463 1876 Quia
1496 1836 1586 1864 non
1621 1833 1719 1865 sum

337 1914 359 1935 >³
379 1907 557 1948 manus,
597 1908 686 1937 non
716 1907 811 1936 sum
847 1890 900 1936 de
931 1907 1114 1954 corpore
1133 1927 1144 1947 ,
1182 1907 1287 1935 num
1320 1889 1417 1936 ideo
1457 1906 1547 1935 non
1581 1898 1641 1934 est
1665 1887 1718 1933 de

335 1985 358 2006 »
376 1965 590 2026 corpore?
609 1962 677 2008 vel
700 1961 735 2008 si
755 1961 910 2007 dixe1it
929 1960 1157 2007 auricula.
1182 1959 1297 2017 Quia
1317 1976 1406 2005 non
1425 1976 1521 2005 sum
1538 1957 1691 2011 oculus
1704 1994 1715 2013 ‚

336 2057 359 2077 »
379 2051 468 2080 non
490 2050 587 2079 sum
609 2033 662 2079 de
686 2051 894 2098 corpore,
922 2050 1029 2079 num
1048 2032 1146 2079 ideo
1169 2049 1258 2095 non
1280 2042 1341 2077 est
1359 2031 1412 2076 de
1435 2032 1646 2095 colpore?
1674 2028 1721 2076 Si

337 2115 519 2151 »totum
544 2121 703 2169 corpus
723 2104 903 2162 oculus,
928 2105 1007 2150 ubi
1041 2103 1244 2150 auditus?
1273 2103 1318 2148 Si
1351 2112 1490 2148 totum
1516 2099 1718 2180 auditus,

340 2199 362 2220 >2
379 2177 461 2224 ubi
480 2175 718 2223 odoratus?
744 2178 873 2222 Nunc
892 2187 1035 2222 autem
1061 2175 1210 2240 posuit
1242 2175 1355 2220 Deus
1384 2173 1609 2228 membra,
1629 2171 1721 2217 sin—

343 2269 366 2290 »
384 2247 535 2308 gulum
555 2247 762 2311 quodque
779 2264 929 2293 eorum
956 2247 1002 2294 in
1027 2263 1214 2310 corpore
1238 2255 1371 2309 prout
1390 2243 1543 2291 voluit.
1580 2241 1623 2288 Si
1643 2257 1723 2287 au-

342 2340 364 2362 »
384 2329 470 2364 tem
512 2316 693 2364 fuissent
730 2318 875 2364 onmia
915 2335 1053 2364 unum
1094 2316 1342 2363 membrum
1362 2352 1373 2372 ,
1416 2313 1495 2360 ubi
1532 2313 1723 2377 corpus?

344 2390 514 2435 »Nunc
546 2400 691 2435 autem
731 2389 867 2435 multa
904 2389 1131 2445 membra,
1177 2396 1501 2433 unumsautem
1543 2399 1717 2448 corpus.

348 2481 370 2502 2)
391 2460 490 2506 Non
512 2470 656 2524 potest
680 2470 824 2506 autem
859 2460 1001 2506 dicere
1025 2459 1179 2505 oculus
1209 2457 1397 2503 manui:
1424 2456 1549 2520 Opus
1574 2465 1612 2500 te
1636 2471 1725 2500 non

351 2551 373 2573 2>
390 2530 558 2586 bahem
576 2541 651 2577 aut
670 2531 825 2578 iterum
846 2542 981 2611 caput
1000 2529 1218 2596 pedibus.
1242 2528 1368 2592 Opus
1386 2527 1511 2574 vobis
1531 2542 1618 2580 non
1637 2524 1724 2571 11·-

348 2624 368 2645 »
387 2602 508 2648 beo:
537 2601 608 2648 sed
633 2601 773 2648 multo
789 2603 926 2662 magis
945 2620 1047 2666 quae
1080 2601 1285 2651 videntur
1304 2599 1503 2655 membra
1529 2595 1726 2662 corporis
