1795 3253
302 254 395 310 384
722 263 756 293 s.
802 262 1041 293 Amissum
1078 261 1282 293 Erlscom

300 335 455 380 salsum
480 343 543 378 est
570 341 612 376 et
637 327 758 393 quod
790 327 1000 392 pependit
1024 329 1066 372 in
1086 326 1218 387 ligno.
1248 329 1346 374 Non
1369 329 1515 394 itaque
1539 332 1685 395 potuit

301 406 353 452 ad
376 422 474 451 eum
501 403 573 449 illa
598 399 845 446 maledictio
877 399 1118 463 pervenire,
1148 415 1236 443 non
1263 410 1325 445 est
1353 400 1473 464 quod
1496 418 1682 448 succen-

300 487 421 523 seant
444 476 482 521 ei
504 493 526 520 a
547 477 671 533 cujus
696 489 768 517 ore
795 471 1017 534 processit.
1054 473 1202 532 ltaque
1225 471 1258 516 si
1283 472 1365 535 ipsi
1392 472 1519 518 irasci
1539 490 1581 519 se
1603 475 1682 519 fiu-

302 559 408 608 gnnt
427 548 483 603 ei,
507 545 581 609 qui
604 541 869 588 maledixerit
891 541 1009 586 salsae
1035 540 1162 585 morti
1185 541 1368 599 Christi,
1391 543 1511 607 quod
1535 560 1684 590 secun-

302 620 406 665 dum
447 620 562 681 ipsos
600 614 777 660 dixerim
798 633 809 667 ;
827 611 1049 676 quomodo
1090 611 1283 671 fugiendi
1324 625 1440 670 sunt,
1483 614 1560 678 qui
1596 632 1684 660 non

303 689 570 737 maledicunt
595 686 842 741 Christum,
870 684 942 729 sed
969 682 1087 747 quod
1119 694 1180 728 est
1208 686 1505 741 execrabilius,
1532 686 1685 731 crimi-

302 765 490 808 nantur?
530 759 574 804 Si
609 757 723 803 enim
760 774 847 801 non
881 767 942 800 est
978 753 1257 817 accipiendus
1292 757 1368 819 qui
1404 756 1686 802 maledictum

301 832 456 893 ingerit
473 828 727 876 mortalitati
741 847 751 879 3
773 825 995 890 quomodo
1012 835 1073 869 est
1088 824 1364 872 detestandus
1378 827 1453 890 qui
1468 826 1685 873 fallaciam

300 903 455 964 objicit
476 900 674 948 veritati?
703 898 786 944 Sed
815 902 907 958 jam
935 896 1157 942 rideamus
1187 914 1233 942 ex
1259 900 1483 943 occasione
1512 898 1685 943 calum-

298 974 514 1021 niantium
532 970 858 1025 haereticorum,
884 966 1105 1031 quomodo
1119 967 1227 1013 illud
1242 979 1559 1015 sacramentum
1581 968 1686 1014 fide-

298 1045 413 1091 libus
442 1052 696 1107 exponatur.

367 1116 450 1162 ΙΙΙ.
495 1115 612 1159 Mors
639 1111 830 1157 hominis
855 1128 902 1156 ex
926 1129 1057 1174 poena
1085 1111 1253 1173 peccati
1277 1122 1356 1167 est,
1390 1111 1504 1157 unde
1527 1121 1570 1156 et
1591 1111 1684 1174 ipsa

299 1197 532 1251 peccatum
553 1183 741 1229 dicitur¹
767 1202 777 1228 ε
801 1200 889 1228 non
911 1183 1012 1245 quia
1035 1193 1187 1245 peceat
1204 1183 1338 1228 homo
1356 1183 1461 1229 dum
1478 1183 1678 1237 moritur,

300 1259 371 1304 sed
402 1257 504 1321 quia
533 1274 579 1301 ex
607 1265 789 1319 peccato
818 1254 984 1300 sactum
1009 1264 1071 1298 est
1103 1265 1150 1298 ut
1180 1255 1403 1302 moriatur.
1442 1255 1565 1300 Sicut
1601 1254 1682 1300 alio

299 1329 430 1376 modo
454 1327 617 1374 dicitur
645 1325 792 1385 lingua
822 1325 1000 1388 proprie
1033 1341 1133 1369 caro
1159 1342 1259 1388 quae
1288 1325 1400 1371 intra
1429 1325 1575 1370 dentes
1600 1325 1682 1370 sub

301 1400 446 1464 palato
474 1407 698 1450 movetur3
723 1407 765 1441 et
789 1395 872 1441 alio
904 1394 1036 1440 modo
1064 1394 1226 1440 dicitur
1256 1396 1422 1455 lingua,
1462 1395 1580 1459 quod
1604 1412 1683 1459 per

298 1472 489 1531 linguam
514 1470 590 1522 fit;
616 1466 857 1512 secundum
881 1483 1010 1530 quem
1036 1465 1214 1511 modum
1241 1466 1404 1512 dicitur
1430 1465 1509 1512 alia
1533 1466 1680 1525 lingua

300 1543 474 1597 Graeca,
507 1539 588 1586 alia
611 1538 796 1583 Latina:
816 1549 856 1583 et
883 1554 1036 1582 manus
1070 1537 1152 1582 alio
1187 1537 1318 1583 modo
1352 1537 1513 1583 dicitur
1537 1538 1680 1601 ipsum

296 1612 473 1677 proprie
503 1608 699 1673 corporis
726 1608 972 1653 membrum
1002 1607 1120 1671 quod
1158 1626 1379 1654 movemus
1410 1608 1465 1654 ad
1490 1626 1680 1671 operam·-

298 1684 422 1739 dum,
454 1692 495 1727 et
518 1681 600 1726 alio
625 1678 755 1725 modo
781 1697 934 1724 mamus
964 1679 1126 1724 «licitur
1161 1680 1374 1742 scriptura
1400 1697 1499 1743 quae
1523 1680 1573 1726 fit
1603 1698 1681 1743 per

297 1771 488 1801 manum.
511 1752 711 1798 Dicimus
729 1750 842 1795 enim
862 1768 871 1795 ε
888 1750 1062 1796 Prolata
1080 1760 1141 1795 est
1158 1767 1310 1796 manus
1324 1754 1416 1810 ejus
1436 1769 1446 1795 ε
1468 1752 1600 1796 Lecta
1618 1761 1680 1795 est

296 1826 497 1872 adversus
521 1839 621 1869 eum
646 1837 800 1867 manus
823 1825 914 1881 ejus
936 1839 945 1866 :
968 1821 1121 1867 Habeo
1147 1839 1323 1868 manum
1353 1832 1468 1867 tuam
1485 1822 1676 1884 :Recipe

295 1913 473 1942 manum
506 1904 638 1940 tuam.
668 1892 825 1937 Manus
853 1891 1003 1954 utique
1027 1892 1204 1954 proprie
1233 1892 1477 1937 membrum
1503 1902 1564 1937 est
1585 1891 1673 1937 ho·-

294 1967 563 2013 minis:non
602 1973 746 2010 autem
781 1961 938 2025 opinor
974 1961 1092 2007 illam
1133 1962 1395 2025 scripturam
1428 1962 1674 2008 membrum

291 2056 376 2085 esse
400 2036 615 2092 hominis,
650 2045 693 2081 et
718 2044 862 2079 tamen
896 2033 1059 2078 dicitur
1095 2050 1275 2090 manus,
1303 2051 1352 2079 eo
1384 2033 1503 2098 quod
1542 2050 1674 2079 manu

295 2109 408 2155 facta
429 2108 497 2154 sit.
531 2106 603 2152 Sic
628 2116 670 2151 ct
693 2114 941 2168 peccatum,
971 2121 1058 2149 non
1088 2114 1257 2149 tantum
1281 2105 1424 2167 ipsum
1447 2122 1558 2169 opus
1576 2122 1673 2150 ma-

296 2180 406 2235 lum,
430 2177 549 2242 quod
571 2193 704 2241 poena
726 2174 906 2234 dignum
937 2185 1021 2230 est3
1047 2174 1120 2220 sed
1140 2175 1267 2220 etiam
1296 2176 1388 2240 ipsa
1416 2194 1546 2232 mors,
1573 2194 1674 2240 quae

297 2260 476 2315 peccato
503 2247 619 2293 sacta
652 2256 731 2301 est,
762 2256 993 2309 peccatum
1028 2245 1246 2310 appellata
1275 2258 1350 2293 est.
1390 2247 1504 2293 Illud
1531 2249 1674 2311 itaque

294 2332 544 2385 peccatum,
563 2334 651 2382 quo
675 2333 771 2362 reus
788 2327 893 2361 esset
913 2316 1081 2373 mortis,
1101 2334 1188 2363 non
1204 2317 1420 2363 commisit
1437 2318 1638 2365 Christus
1658 2337 1669 2364 ε

293 2392 404 2439 illud
425 2402 566 2437 autem
586 2389 784 2442 alterum,
807 2386 851 2432 id
870 2397 947 2443 est,
970 2397 1169 2445 mortem,
1193 2405 1292 2451 quae
1310 2399 1491 2452 peccato
1508 2390 1674 2437 inflicta

294 2475 355 2510 est
381 2463 588 2509 humanae
612 2469 797 2514 naturae,
825 2459 1014 2522 suscepit
1040 2476 1122 2522 pro
1145 2459 1286 2506 nobis,
1320 2460 1416 2506 Hoc
1447 2461 1673 2524 suspendit

292 2536 338 2581 in
354 2534 490 2595 ligno,
515 2533 605 2579 hoc
626 2527 910 2578 maledictum
927 2540 1081 2593 estper
1101 2530 1280 2593 Moysen
1305 2547 1315 2575 τ
1338 2529 1402 2576 ibi
1422 2547 1538 2578 mors
1551 2530 1672 2580 dam-

342 2619 351 2640 ¹
371 2620 468 2651 Rom.
490 2628 519 2658 v,
542 2628 594 2650 η.
