1795 3253
135 273 308 307 CONTRA
343 274 610 308 ADIMANTUM
650 274 884 307 MANtcnAEl
920 276 1137 310 DISCIPUL.
1179 279 1267 312 Lm.
1309 279 1340 313 1.
1413 264 1499 313 163

134 350 224 396 r‚at
250 340 385 400 digito
406 340 559 387 brevi
549 358 594 387 m
618 357 729 404 aqua
748 340 883 386 tincto
907 343 1043 388 arenti
1060 343 1221 404 linguae
1234 361 1322 392 suae
1344 343 1503 392 humo-

134 426 224 454 1em
243 410 394 455 stillari
407 410 679 473 deprecetur,
696 409 939 469 intelligant
950 413 1171 474 quomodo
1180 415 1508 480 fiantpauperes

133 479 299 525 inimici
322 481 426 536 Dei
453 493 495 526 et
517 481 561 527 id
580 498 665 527 esse
679 492 941 539 cognoscant
963 483 1108 560 quod
1097 501 1143 530 m
1162 486 1274 545 Lege
1295 486 1506 549 scriptum

133 559 233 594 est:
261 571 281 591 c<
303 550 393 610 Ego
413 568 507 596 sum
528 552 605 615 qui
624 551 795 597 d1x1t11s
823 550 879 597 do
911 553 1060 599 amicis
1085 554 1218 611 meis,
1247 566 1288 601 et
1310 573 1506 620 pauper-

134 641 154 661 »
182 629 311 665 tatem
335 621 521 667 inimicis
547 622 649 667 meis
663 620 727 669 1.»

198 694 307 739 Nam
325 693 425 739 istas
442 694 613 741 divitias
634 691 885 758 temporales
902 694 999 741 etin
1012 695 1145 749 veteri
1166 695 1395 760 Scriptura
1419 713 1508 743 esse

132 769 404 827 contemptas
429 774 470 810 et
494 765 690 829 superius
715 765 873 821 docui,
902 776 944 811 et
968 763 1366 812 innumerabilibus
1402 765 1508 813 locis

130 834 207 898 qui
228 835 365 895 legere
382 834 594 893 voluerit,
620 836 822 883 inveniet.
833 836 958 882 Unde
982 848 1043 882 est
1067 838 1194 883 etiam
1220 837 1360 884 illud:
1381 859 1401 880 c<
1421 838 1510 883 Me-

130 927 152 949 »
174 904 260 971 lius
274 917 336 952 est
351 906 573 953 modicum
590 911 709 967 justo
724 944 736 964 ,
757 924 888 971 super
909 905 1081 953 divitias
1101 918 1384 972 peccatorum
1397 899 1510 953 mul-

131 999 153 1020 »
176 976 280 1023 1332.
304 999 324 1019 »
352 978 407 1022 Et
428 975 538 1023 illud
558 1015 569 1034 ‚
601 979 807 1023 «Bonum
828 975 939 1023 mihi
956 976 1021 1023 lex
1045 975 1129 1023 oris
1148 978 1213 1023 tui
1232 994 1362 1041 super
1376 976 1512 1023 millia

131 1069 152 1091 ›>
175 1048 269 1094 auri
292 1059 334 1094 et
357 1048 562 1108 argenti-⁹³.
584 1070 604 1089 ›>
626 1049 682 1093 Et
703 1047 812 1094 illud
836 1085 846 1105 ,
890 1047 1099 1094 «Judicia
1125 1048 1205 1094 Dei
1231 1065 1330 1095 vera
1344 1045 1511 1109 justifi-

129 1139 150 1161 »
174 1130 269 1164 cata
291 1119 335 1164 in
352 1119 546 1182 idipsum
565 1156 576 1175 ‚
604 1117 908 1164 desiderabilia
934 1136 1065 1183 super
1089 1135 1245 1164 aurum
1264 1117 1508 1182 etlapidem

129 1210 151 1231 »
175 1189 412 1252 pretiosum
434 1189 623 1234 multum
638 1190 670 1235 4.
694 1210 714 1230 »
746 1190 803 1234 Et
823 1187 936 1233 illud
956 1225 966 1244 ‚
985 1209 1005 1229 ε(
1024 1190 1184 1235 Beatus
1206 1185 1274 1236 vir
1292 1189 1370 1251 qui
1382 1189 1507 1236 inve-

128 1279 150 1300 ›>
172 1258 237 1304 nit
260 1258 543 1322 sapientiam,
578 1269 621 1304 et
651 1258 910 1304 immortalis
942 1258 1020 1321 qui
1056 1258 1176 1305 videt
1204 1255 1501 1322 prudentiam.

128 1350 150 1371 >³
175 1328 329 1375 Melius
347 1338 409 1374 est
427 1327 541 1374 enim
570 1327 690 1373 illam
725 1327 935 1384 mercari,
977 1344 1110 1390 quam
1143 1327 1236 1374 auri
1269 1338 1312 1374 et
1342 1328 1505 1389 argenti

127 1421 150 1442 »
175 1398 413 1445 thesauros.
444 1397 680 1444 Pretiosior
701 1407 764 1444 est
787 1407 931 1443 autem
954 1395 1178 1460 lapidibus
1197 1397 1399 1460 optimis;
1418 1415 1507 1443 non

127 1492 148 1513 >2
171 1470 327 1516 resistit
345 1469 409 1516 illi
424 1468 564 1515 ullum
583 1469 747 1514 malum
760 1506 771 1526 ‚
791 1468 900 1514 bene
917 1478 1021 1513 nota
1040 1478 1104 1513 est
1121 1469 1328 1515 omnibus
1347 1485 1508 1532 appro-

128 1563 149 1583 »
168 1540 487 1605 pinquantibus
509 1540 571 1596 ei,
592 1549 635 1585 et
651 1539 710 1584 eis
728 1538 805 1602 qui
832 1537 1110 1584 considerant
1141 1555 1236 1584 eam
1256 1535 1498 1598 diligenter.

127 1633 148 1653 2>
173 1612 315 1657 Omne
337 1620 479 1657 autem
499 1608 737 1688 pretiosum
751 1626 841 1654 non
861 1618 924 1653 est
936 1607 1000 1653 1111
1014 1607 1198 1668 dignum
1211 1607 1276 1655 5.»
1291 1608 1348 1654 Et
1362 1608 1500 1665 illud,

126 1703 147 1724 «
168 1683 354 1762 Propter
374 1681 461 1727 hoc
479 1680 657 1759 optavi,
681 1690 723 1725 et
742 1678 871 1725 datus
893 1689 956 1725 est
977 1678 1092 1724 mihi
1109 1695 1287 1737 sensus,
1309 1689 1352 1726 et
1368 1678 1500 1726 invo-

126 1773 148 1795 >)
166 1753 294 1809 cavi,
330 1762 371 1797 et
391 1752 510 1799 venit
535 1750 582 1796 in
606 1767 674 1796 me
697 1749 874 1814 spiritus
905 1748 1145 1812 sapientiae.
1189 1751 1247 1795 Et
1276 1750 1500 1813 praeposui

126 1844 148 1865 >>
169 1822 288 1869 illam
308 1821 447 1883 regnis
465 1832 508 1868 et
526 1821 702 1868 sedibus
722 1830 764 1865 et
787 1819 1064 1865 honestatem
1086 1817 1199 1865 nihil
1217 1836 1302 1865 esse
1321 1819 1424 1865 duxi
1447 1819 1503 1866 ad

126 1915 148 1936 »
170 1894 538 1956 comparationem
561 1891 712 1955 ipsius.
732 1891 823 1935 Nec
838 1889 1089 1952 comparavi
1112 1888 1178 1934 illi
1195 1888 1387 1952 lapidem
1400 1907 1504 1953 pre·

126 1986 148 2008 »
172 1965 371 2010 tiosum.
399 1962 606 2041 quoniam
635 1976 762 2006 omne
787 1975 939 2004 aurum
961 1959 1007 2003 in
1040 1958 1365 2021 comparatione
1388 1958 1503 2005 illius

126 2057 148 2078 ›>
172 2052 301 2081 arena
323 2033 471 2079 estexi
462 2049 563 2092 gua,
587 2041 628 2076 et
649 2041 856 2092 tanquam
876 2028 1019 2073 lutum
1039 2028 1365 2075 aestimabitur
1353 2046 1502 2089 argen-

126 2127 148 2148 »
172 2117 266 2151 tum
287 2104 340 2150 ad
364 2103 484 2149 illam
499 2103 563 2148 ⁶.»
588 2101 697 2146 Haec
715 2099 785 2145 isti
805 2099 839 2144 si
860 2109 934 2144 aut
953 2097 1141 2159 legerent
1166 2109 1242 2144 aut
1257 2116 1345 2145 non
1367 2099 1502 2163 impie

126 2177 337 2237 legerent,
362 2173 560 2221 viderent
585 2171 728 2217 omnia
747 2170 793 2215 in
815 2169 1041 2233 utriusque
1060 2170 1324 2215 Testamenti
1343 2169 1499 2234 Scrip-

126 2247 257 2304 turis,
283 2256 326 2292 et
355 2244 409 2291 ad
432 2241 719 2307 expetendum
738 2250 779 2286 et
803 2239 858 2285 ad
880 2239 1135 2299 fugiendum
1156 2276 1168 2296 ‚
1194 2249 1237 2285 et
1260 2239 1315 2286 acl
1332 2257 1500 2287 sumen-

126 2318 234 2366 dum
250 2328 291 2365 et
307 2315 362 2363 ad
384 2312 668 2376 rejiciendum
687 2310 769 2357 sibi
786 2309 1096 2376 concordantia
1118 2320 1159 2357 et
1181 2309 1267 2357 suis
1291 2310 1499 2372 gradibus

126 2392 336 2440 ordinata.

181 2484 192 2508 ¹
213 2487 289 2516 Luc.
301 2492 374 2524 xvx,
395 2485 454 2517 24.
470 2495 515 2504 -
532 2476 548 2500 2
563 2477 644 2511 Psal.
663 2487 775 2516 xxxvx,
794 2477 903 2511 16.—
924 2473 938 2501 3
952 2475 1003 2513 ld.
1019 2485 1134 2516 cxvm,
1156 2470 1340 2517 κιρ-4111.
1352 2485 1450 2518 nm,
1466 2486 1495 2511 1.

128 2555 173 2563 -
187 2534 203 2562 5
220 2538 385 2580 Prov.111²
408 2533 526 2566 13-15.
546 2550 591 2557 —
611 2527 626 2552 ⁶
646 2533 720 2575 Sap.
739 2541 796 2571 vu,
817 2540 890 2572 7-9,

1259 2651 1328 2686 11.
