1795 3253
341 233 431 290 3(ὶῖ
764 251 799 279 s.
842 249 1085 281 Aucusrmi
1121 250 1323 282 Eriscopl

344 313 613 360 credideritis
628 351 638 371 ,
669 315 832 379 quibus
851 325 974 362 testes
1001 316 1251 376 alienigena:
1274 334 1361 363 non
1379 318 1588 382 placent?
1612 319 1721 366 Nos-

346 395 514 430 trorum
535 402 666 449 porro
695 385 909 433 librorum
938 387 1172 433 auctoritas
1188 424 1198 443 ‚
1235 398 1296 433 tot
1321 389 1513 448 gentium
1536 407 1722 436 consen-

346 457 490 507 sione,
522 474 600 518 per
641 457 928 502 successiones
976 456 1313 520 Apostolorum,
1369 459 1719 523 lipiscoporum,

349 526 734 591 Conciliorumque
758 528 961 574 roborata
977 565 988 584 ‚
1010 527 1134 573 vohis
1152 527 1328 574 adversa
1354 540 1414 574 est
1443 547 1453 574 :
1482 540 1723 576 vestrorum

351 609 492 643 autem
517 598 632 644 nulla
655 610 717 645 est
736 637 746 649 ,
767 600 869 663 quia
891 611 932 644 et
955 618 978 644 a
1003 610 1086 644 tam
1110 600 1261 662 paucis
1285 601 1522 663 profertur,
1544 612 1586 647 et
1602 602 1658 648 ab
1674 602 1726 648 iis

348 671 424 734 qui
448 671 585 716 Deum
614 682 656 716 et
675 671 901 717 Christum
928 671 1181 717 mendacem
1204 673 1382 739 [colunt.
1422 672 1548 719 Unde
1575 684 1727 719 contra

350 758 498 786 eorum
524 742 776 788 mendacem
815 742 1061 788 doctrinam
1104 743 1176 797 fit,
1213 743 1293 788 nisi
1324 754 1366 788 et
1401 743 1484 806 ipsi
1519 754 1727 808 tanquam

349 812 586 858 imitatores
609 814 687 859 Dei
712 824 754 859 et
782 814 949 859 Christi
971 814 1036 859 sui
1057 813 1286 859 mendaces
1308 813 1571 861 habeantur.
1598 817 1730 860 Fama

353 900 455 928 vero
482 885 610 930 etiam
641 885 735 948 ipsa
769 885 997 940 consulta,
1041 894 1082 930 et
1116 901 1193 930 vos
1232 885 1438 948 pessimos
1479 889 1648 945 jactat,
1687 895 1730 931 et

357 954 580 1001 Christum
599 973 645 1001 ex
670 955 829 1001 semine
849 955 992 1001 Daxid
1014 966 1166 1001 contra
1189 973 1263 1002 vos
1282 956 1522 1020 praedicare
1536 974 1625 1002 non
1643 973 1730 1002 ces-

353 1036 430 1072 sat.
465 1026 624 1072 Vocem
648 1027 789 1072 Patris
815 1027 867 1072 de
894 1026 1007 1072 coelo
1032 1044 1118 1072 non
1144 1026 1353 1073 audistis‘l
1369 1064 1381 1083 ‚
1408 1045 1540 1091 opera
1565 1026 1731 1072 Christi

354 1095 515 1157 quihus
538 1096 591 1142 de
612 1115 653 1142 se
677 1097 771 1161 ipso
796 1098 1132 1153 testificabatur,
1168 1114 1254 1143 non
1279 1097 1471 1144 vidistis:
1495 1097 1667 1144 codices
1687 1097 1733 1143 in

352 1167 514 1229 quihus
538 1168 638 1214 haec
660 1169 823 1232 scripta
850 1179 980 1225 sunt,
1024 1180 1071 1214 ut
1094 1169 1235 1232 specie
1273 1168 1509 1215 christiana
1544 1168 1700 1215 fallatis
1717 1205 1728 1224 ‚

353 1238 471 1283 wlut
496 1239 694 1302 accipitis
715 1260 725 1293 ;
756 1258 806 1285 ne
830 1251 976 1286 tamen
1007 1251 1159 1286 contra
1179 1258 1255 1286 vos
1275 1240 1490 1300 legantur,
1513 1240 1734 1286 infalsatos

354 1308 511 1357 dicitis.
539 1311 748 1357 Profertis
767 1311 868 1357 inde
891 1311 1118 1357 Christum
1133 1311 1346 1356 dicentem
1372 1329 1383 1356 ι
1411 1312 1493 1357 «Si
1514 1310 1626 1356 mihi
1646 1328 1735 1356 non

356 1402 374 1420 »
400 1380 574 1426 creditis
594 1419 604 1433 ,
635 1383 845 1445 operibus
867 1382 1088 1437 credite2‚
1117 1404 1136 1423 »
1165 1392 1207 1427 et
1234 1419 1245 1438 ‚
1272 1404 1290 1422 «
1312 1382 1402 1442 Ego
1429 1398 1524 1428 sum
1551 1381 1628 1445 qui
1648 1392 1735 1427 tes-

353 1471 373 1491 »
405 1451 633 1497 timonium
654 1453 869 1515 perhibeo
889 1452 941 1497 de
961 1471 1028 1498 me
1044 1490 1054 1508 ,
1078 1463 1118 1498 et
1140 1453 1437 1498 testimonium
1461 1452 1667 1516 perhibet
1683 1452 1736 1498 de

355 1543 375 1562 »
402 1539 469 1567 me
488 1559 499 1578 ‚
524 1523 601 1586 qui
634 1523 749 1568 misit
774 1540 842 1567 me
873 1524 1056 1567 Paterssz
1079 1544 1098 1564 »
1133 1533 1176 1568 et
1205 1540 1292 1568 non
1314 1523 1446 1569 vultis
1479 1533 1630 1568 contra
1661 1539 1738 1568 vos

359 1592 459 1637 inde
483 1591 670 1655 proferri
698 1611 708 1637 :
741 1593 1045 1638 «Scrutamini
1070 1593 1319 1656 Scripturas
1335 1631 1345 1649 ,
1386 1594 1432 1639 in
1457 1594 1619 1657 quibus
1646 1610 1737 1656 pu-

358 1686 377 1705 »
404 1664 502 1708 tatis
541 1680 617 1708 vos
652 1664 788 1709 vitam
821 1674 1028 1710 aeternam
1073 1663 1265 1721 habere,
1298 1664 1407 1728 ipsze
1445 1664 1739 1710 testimonium

362 1757 381 1775 »
407 1734 645 1797 perhibent
669 1734 722 1780 de
749 1752 846 1781 me:
867 1745 958 1791 net,
978 1757 996 1775 «
1015 1735 1061 1780 Si
1081 1734 1310 1781 crederetis
1334 1735 1493 1798 Moysi,
1512 1734 1740 1781 crederetis

360 1828 380 1848 »
405 1817 446 1850 et
476 1805 616 1858 inihi3
649 1805 702 1851 de
727 1824 794 1851 me
812 1807 926 1852 enim
950 1806 1023 1852 ille
1041 1806 1242 1870 scripsit!⁸
1265 1843 1275 1863 ,
1295 1828 1314 1848 »
1340 1816 1381 1851 et
1406 1843 1417 1862 ‚
1441 1807 1653 1852 «Habent
1676 1805 1740 1852 ibi

362 1900 381 1918 »
409 1878 584 1939 Moysen
603 1887 645 1922 et
665 1876 911 1940 Prophetas
930 1914 940 1933 ‚
971 1876 1152 1922 audiant
1176 1894 1272 1932 eos,
1294 1899 1314 1918 »
1339 1887 1381 1922 et
1408 1914 1418 1926 .
1445 1898 1465 1918 «
1489 1877 1534 1922 Si
1558 1880 1741 1939 Moysen

362 1970 382 1990 ))
407 1959 449 1993 et
468 1947 712 2011 Prophetas
739 1965 829 1992 non
855 1946 1074 2001 audiunt,
1099 1963 1179 1991 nec
1207 1945 1240 1991 si
1277 1946 1373 2009 quis
1404 1964 1426 1992 a
1453 1946 1636 1992 mortuis
1668 1963 1740 1991 re-

362 2042 382 2061 »
407 2018 663 2074 surrexerit,
692 2017 872 2063 credent
894 2016 975 2063 ei5.
996 2037 1016 2058 »
1036 2016 1161 2062 [nde
1184 2016 1272 2062 huc
1299 2017 1439 2062 existis
1460 2053 1471 2074 ,
1499 2015 1614 2062 unde
1639 2033 1742 2062 con-

362 2089 529 2134 fiditis?
554 2088 803 2151 Scripturas
823 2097 944 2132 tanta
969 2086 1228 2132 auctoritate
1251 2087 1442 2133 firmatas
1466 2085 1743 2132 commenda-

364 2170 513 2223 tasque
537 2158 738 2222 respuitis
758 2194 768 2209 ‚
802 2157 1014 2203 miracula
1042 2174 1130 2203 non
1150 2156 1292 2203 facitis
1315 2175 1325 2202 τ
1347 2174 1447 2220 quae
1471 2157 1503 2202 si
1527 2156 1738 2212 faceretis,

361 2231 492 2276 etiam
517 2229 611 2292 ipsa
633 2228 677 2273 in
696 2228 821 2274 vobis
841 2244 1089 2274 caveremus
1108 2265 1119 2285 ,
1153 2237 1440 2291 praestruente
1455 2245 1532 2273 nos
1551 2228 1740 2276 Domino

364 2311 405 2346 et
425 2300 595 2346 dicente
619 2315 630 2343 z
659 2320 678 2339 «
702 2298 919 2358 Exurgent
946 2297 1073 2344 multi
1106 2297 1458 2362 pseudwchristi
1484 2309 1525 2344 et
1548 2297 1742 2362 pseudo-

366 2393 385 2413 »
410 2370 669 2434 prophetem
701 2380 742 2415 et
761 2369 921 2415 facient
943 2370 1063 2430 signa
1082 2380 1125 2415 et
1153 2368 1355 2432 prodigia
1378 2368 1542 2424 multa;
1581 2380 1629 2415 ut
1657 2368 1744 2415 fal-

364 2465 385 2484 »
407 2442 517 2498 lant,
535 2441 568 2486 si
585 2440 678 2486 fieri
698 2450 855 2504 potest,
871 2441 1000 2487 etiam
1020 2440 1179 2486 clectos
1197 2458 1207 2485 ε
1225 2457 1323 2485 ecce
1342 2439 1525 2503 praedixi
1543 2440 1741 2487 vobis⁶.»

409 2532 418 2553 ¹
441 2529 556 2562 Mattlr
575 2540 626 2568 111,
647 2541 701 2573 ¹7,
725 2535 755 2561 et
780 2540 863 2567 xvix,
880 2530 910 2560 5.
927 2548 973 2552 -
989 2527 1005 2550 ⁴2
1020 2532 1121 2562 Joan.
1149 2541 1180 2568 x,
1199 2529 1256 2563 38.
1281 2525 1352 2553 —3
1372 2527 1420 2561 1d.
1440 2539 1519 2571 vm,
1539 2529 1591 2563 18.
1606 2524 1677 2550 ...⁴
1695 2526 1743 2559 1d.

361 2596 391 2623 v,
412 2587 463 2626 ⁴59.
479 2602 523 2608 -
538 2582 551 2606 5
569 2587 644 2616 Luc.
660 2595 724 2623 xvi,
742 2595 797 2626 29.
818 2600 863 2606 —-
880 2581 894 2603 ⁶
914 2583 1020 2616 Mauh
1053 2594 1143 2623 xxiv,
1166 2590 1220 2620 24·
