1795 3253
361 273 423 335 9¹⁴
781 286 818 318 s.
858 286 1099 320 Auensnm
1135 289 1339 321 muscoPI

362 376 381 395 »
403 352 601 398 adversus
620 367 792 397 carnem
810 389 821 404 ,
853 363 903 399 ut
925 371 1013 400 non
1038 372 1331 418 quaeeumque
1353 353 1483 401 vultis
1505 353 1577 401 illa
1595 353 1733 401 facia-

361 446 381 466 >›
403 422 497 468 tisl.
528 445 548 464 »
573 422 688 468 Dicit
711 422 867 469 iterum
891 442 901 469 ε
944 446 964 466 «
984 425 1119 472 Video
1147 427 1272 471 aliam
1300 426 1436 485 legem
1460 427 1504 472 in
1526 426 1731 472 membris

361 517 380 536 ))
400 494 502 539 meis
534 505 843 557 repugnantem
873 496 955 556 legi
986 499 1141 543 mentis
1172 514 1302 552 meac,
1339 508 1381 542 et
1413 497 1637 562 captivum
1663 515 1732 544 me

360 566 624 612 »ducentem
659 566 703 611 in
732 565 822 627 lege
850 570 1019 630 peccati
1052 580 1092 615 et
1131 570 1293 616 mortis.
1338 569 1451 628 Ergo
1492 569 1619 614 miser
1653 585 1730 629 ego

359 662 377 681 »
399 638 531 683 homo
550 675 560 691 ‚
578 637 674 701 quis
701 654 767 683 me
793 637 1000 685 liberabit
1023 639 1076 685 de
1098 657 1281 703 corpore
1299 639 1450 684 mortis
1465 638 1599 700 hujus
1616 676 1626 696 ‚
1649 639 1732 685 nisi

358 731 379 752 »
401 709 536 770 gratia
553 708 627 753 Dei
642 725 719 770 per
736 709 969 755 Dominum
987 721 1181 756 nostrum
1196 711 1217 754 J
1225 727 1342 755 esum
1361 710 1633 765 Christum2,
1653 727 1731 774 per

357 803 378 822 »
394 797 523 844 quem
546 779 651 825 mihi
676 779 864 825 mundus
887 781 1120 826 crucifixus
1139 791 1201 825 est
1216 818 1226 837 ,
1254 791 1295 826 et
1317 797 1394 840 ego
1415 780 1638 826 mundoss‘?
1662 801 1682 822 »

421 852 565 898 xxu.
604 853 715 897 Auo.
754 850 863 896 dixit
889 868 901 896 :
932 853 1129 911 Agnosco
1154 862 1195 897 et
1221 851 1461 915 amplector
1486 851 1731 897 testimonia

357 924 597 970 divinarum
635 922 964 986 Scripturarum
983 960 993 979 ‚
1026 935 1066 969 et
1091 922 1193 968 fidei
1217 940 1322 969 meze
1355 922 1729 987 quemadmodum

358 1005 596 1055 congruant
613 1031 624 1051 ‚
651 993 762 1039 sicut
787 994 901 1039 Deus
925 993 1085 1039 donare
1116 994 1393 1054 dignabitur,
1419 994 1570 1058 paucis
1595 1010 1730 1057 expo-

357 1082 472 1111 nam.
502 1064 705 1110 Liberum
729 1064 966 1110 voluntatis
986 1065 1215 1110 arbitrium
1240 1064 1285 1110 in
1304 1065 1377 1111 illo
1406 1064 1584 1110 homine
1602 1063 1730 1110 fuisse

357 1135 456 1181 dico
472 1174 482 1185 ,
505 1136 581 1199 qui
597 1136 764 1199 primus
783 1134 992 1181 formatus
1013 1147 1088 1183 est.
1119 1136 1195 1181 Ille
1212 1136 1271 1181 sic
1288 1136 1427 1182 faetus
1447 1146 1532 1191 est,
1553 1146 1601 1181 ut
1617 1135 1731 1182 nihil

357 1207 533 1252 omnino
556 1206 767 1252 voluntati
793 1210 882 1266 ejus
907 1207 1146 1261 resisteret,
1174 1207 1207 1252 si
1239 1207 1366 1253 vellet
1400 1207 1478 1252 Dei
1508 1216 1730 1270 praecepta

357 1293 536 1323 servare.
579 1278 811 1340 Postquam
835 1287 977 1322 autem
995 1277 1085 1341 ipse
1100 1277 1237 1323 libera
1261 1277 1482 1323 voluntate
1504 1277 1724 1340 peccavit,

355 1364 431 1392 nos
454 1347 498 1393 in
516 1348 805 1393 necessitatem
824 1348 1091 1410 praecipitati
1114 1364 1262 1393 sumus
1279 1386 1288 1403 ‚
1313 1348 1388 1412 qui
1413 1348 1468 1393 ab
1485 1351 1574 1407 ejus
1593 1347 1728 1411 stirpe

353 1418 665 1466 descendimus.
700 1420 846 1465 Potest
873 1429 1014 1464 autem
1031 1420 1326 1483 unusquisque
1346 1430 1539 1465 nostrum
1564 1419 1727 1465 medio-

354 1490 414 1535 cri
441 1489 781 1535 consideratione
798 1489 990 1535 invenire
1011 1507 1163 1535 verum
1188 1507 1274 1535 esse
1293 1490 1412 1554 quod
1441 1490 1554 1536 dieo.
1584 1489 1728 1536 Hodie

354 1578 539 1624 namque
575 1561 617 1606 in
652 1560 810 1605 nostris
850 1560 1094 1605 actionibus
1139 1571 1371 1622 antequam
1416 1560 1728 1607 consuetudine

353 1631 496 1695 aliqua
514 1631 787 1694 implicemur
802 1668 813 1686 ‚
840 1630 1026 1676 liberum
1052 1631 1266 1677 habemus
1287 1632 1516 1677 arbitrium
1539 1630 1727 1677 faciendi

353 1701 516 1766 aliquid
531 1740 541 1755 ,
571 1701 637 1747 vel
657 1718 743 1746 non
760 1700 962 1746 faciendi.
994 1705 1107 1746 Cum
1131 1712 1272 1746 autem
1292 1703 1371 1747 ista
1394 1701 1593 1747 libertate
1616 1700 1726 1747 feee-

352 1773 485 1818 rimus
511 1771 696 1835 aliquid,
719 1781 761 1816 et
785 1770 889 1816 sacti
910 1771 1045 1834 ipsius
1068 1773 1255 1817 tennerit
1278 1767 1465 1818 animam
1483 1772 1726 1835 perniciosa

352 1843 537 1889 dulcedo
570 1854 609 1888 et
643 1842 844 1905 voluptas
864 1879 875 1898 ‚
909 1842 1060 1888 eadem
1090 1843 1184 1905 ipsa
1216 1860 1290 1888 sua
1317 1843 1630 1889 consuetudine
1664 1843 1725 1889 sic

349 1914 600 1977 implicatur
615 1951 626 1967 ‚
650 1924 698 1958 ut
718 1923 866 1976 postea
890 1912 1062 1957 vincere
1079 1930 1167 1958 non
1197 1914 1358 1977 possit,
1383 1913 1501 1976 quod
1527 1913 1609 1958 sibi
1631 1913 1725 1977 ipsa

349 1985 572 2049 peccando
594 1985 805 2031 fabricata
823 1993 898 2029 est.
924 1983 1131 2029 Videmus
1150 1985 1309 2030 multos
1322 1989 1467 2045 jurare
1485 1984 1597 2030 nolle
1618 2002 1628 2029 ε
1651 1984 1724 2031 sed

349 2057 450 2120 quia
467 2060 558 2116 jam
578 2054 937 2102 consuetudinem
962 2054 1110 2115 lingua
1130 2057 1271 2101 tenuit
1288 2094 1298 2109 ,
1325 2074 1412 2102 non
1442 2073 1566 2120 posse
1589 2056 1724 2102 refre-

348 2145 448 2173 nare
464 2165 474 2183 ,
499 2128 604 2190 quin
621 2146 667 2173 ea
687 2136 836 2172 exeant
856 2125 909 2171 de
929 2142 1000 2171 ore
1021 2126 1218 2189 ipsorum
1240 2165 1250 2183 ‚
1276 2144 1376 2190 quae
1392 2145 1480 2173 non
1495 2144 1723 2192 possumus

347 2197 489 2243 dicere
518 2198 570 2243 ad
588 2197 689 2244 mali
710 2197 889 2260 stirpem
913 2213 1000 2242 non
1017 2198 1248 2260 pertinere.
1281 2199 1338 2244 Ut
1359 2199 1474 2244 enim
1493 2198 1722 2244 vobiscum

348 2268 416 2313 his
444 2268 586 2314 verbis
614 2285 737 2328 agam
756 2305 767 2324 ‚
812 2283 913 2330 quae
938 2268 1105 2313 utinam
1141 2269 1252 2315 sicut
1286 2269 1338 2315 de
1363 2286 1433 2315 ore
1460 2279 1599 2315 vestro
1633 2286 1721 2314 non

348 2338 584 2395 recedunt,
615 2339 673 2384 ita
712 2348 753 2384 et
786 2337 918 2383 eorde
959 2339 1254 2399 intelligantur
1283 2357 1293 2384 ε
1331 2341 1414 2386 Per
1447 2338 1721 2385 Paracletum

343 2411 510 2469 juratis.
542 2410 588 2456 Si
609 2427 709 2470 ergo
734 2408 863 2455 vultis
896 2411 1100 2473 experiri,
1141 2428 1291 2457 verum
1320 2429 1405 2457 esse
1443 2411 1564 2475 quod
1588 2411 1716 2467 dico,

347 2482 555 2536 instituite
574 2499 661 2527 non
678 2485 840 2541 jurare.
868 2480 1082 2526 Videbitis
1105 2481 1223 2527 illam
1245 2482 1602 2528 consuetudinem
1620 2480 1720 2527 ferri

347 2568 433 2615 quo
461 2551 578 2599 solet.
611 2553 667 2598 Et
694 2551 781 2598 hoe
815 2561 879 2597 est
906 2551 1026 2615 quod
1055 2551 1258 2599 adversus
1295 2554 1483 2598 animam
1516 2561 1715 2617 pugnat,

394 2637 405 2659 ¹
424 2636 527 2669 Galat.
547 2647 578 2676 v,
596 2647 650 2677 ¹7·
671 2653 717 2661 —
731 2634 748 2659 2
764 2637 862 2670 Rom.
881 2646 945 2679 vu,
960 2637 1017 2670 23.
1033 2653 1079 2661 -
1094 2633 1110 2660 3
1126 2637 1235 2670 Galat.
1252 2648 1297 2678 vr,
1318 2643 1372 2674 14.
