1795 3253
326 236 419 290 324.
745 246 782 275 s.
825 243 1067 274 Arcus‘rrm
1102 242 1307 273 muscom

325 331 476 361 renum
504 328 702 375 azymum
720 348 731 366 ,
768 321 982 356 terrenum
1013 309 1176 355 Pascha
1207 327 1217 354 τ
1246 327 1345 373 quae
1368 312 1507 356 omnis
1530 323 1697 358 terrena

325 385 518 449 operatio
548 383 683 428 hahet
731 381 948 427 occultam
984 382 1186 427 virtutem
1225 381 1514 441 intelligenda*
1550 383 1697 442 gratiae

326 456 508 503 Christi.
529 471 630 518 quae
648 470 735 499 non
753 452 883 498 datur
901 453 922 496 J
932 452 1066 498 uda‘is
1086 453 1129 497 in
1148 452 1369 515 impietate
1386 465 1427 498 et
1445 453 1698 499 infidelitate

322 525 696 590 perseverantibus
713 562 724 580 ‚
749 524 851 587 qnia
878 525 1001 570 Novo
1025 525 1299 569 Testamento
1318 524 1499 570 revelata
1518 525 1631 578 est13
1657 535 1698 570 et

321 616 409 646 non
434 596 758 643 transeuntibus
790 594 844 641 ad
872 595 1107 640 Dominum
1131 631 1141 649 ‚
1168 611 1254 640 non
1278 595 1335 640 eis
1358 595 1552 641 aufertur
1577 596 1697 643 vela—

320 687 417 716 }nen
439 707 449 723 ,
487 667 607 732 quod
636 667 678 712 in
703 666 887 712 lectione
912 665 1074 711 Veteris
1098 666 1360 712 Testamenti
1382 678 1553 721 manet,
1595 667 1699 732 quia

319 742 365 787 in
388 739 477 785 solo
503 738 680 784 Christo
702 748 955 791 evacuatur,
980 754 1067 781 non
1091 737 1184 800 ipsa
1208 737 1336 784 lectio
1358 739 1520 785 Veteris
1546 740 1701 785 Testa-

321 811 459 859 menti
481 848 491 868 ,
526 827 627 875 quae
647 808 783 854 habet
805 808 1108 854 abscomtitam
1132 808 1338 855 virtutem
1357 847 1368 866 ‚
1401 809 1474 855 sed
1505 809 1702 856 velamen

320 900 408 948 quo
449 880 748 928 absconditur.
791 880 917 925 [Inde
953 879 1132 925 Christo
1168 879 1210 924 in
1240 897 1368 925 eruce
1397 898 1523 944 passo
1557 880 1702 927 velum

325 953 473 1017 templi
494 953 758 999 conscissum
777 960 838 996 est
852 950 890 1007 2,
913 960 961 995 ut
977 968 1055 1013 per
1076 950 1241 996 Christi
1256 952 1497 1014 passionem
1515 952 1702 998 revelen-

324 1036 395 1070 tur
418 1035 579 1070 secreta
603 1032 975 1070 sacramentorum
1000 1020 1204 1067 fidelihus
1222 1059 1232 1077 ‚
1266 1021 1320 1067 ad
1351 1022 1595 1068 bibendum
1614 1027 1704 1083 ejus

322 1096 573 1156 sanguinem
597 1112 668 1141 ore
685 1104 835 1157 aperto
855 1093 897 1137 in
917 1091 1184 1137 consessione
1205 1094 1539 1140 transeuntibus.
1571 1096 1705 1156 Prop-

328 1178 437 1212 terea
462 1165 654 1229 populus
683 1164 778 1220 ille,
804 1164 916 1209 sieut
939 1164 1047 1208 Ca'in
1065 1201 1075 1219 ‚
1104 1162 1251 1208 adhue
1276 1174 1483 1226 operatur
1508 1174 1663 1209 terram
1690 1201 1700 1214 ,

323 1238 471 1285 adhue
494 1247 659 1283 exercet
682 1235 978 1299 operationem
1005 1236 1129 1295 Legis
1154 1236 1409 1291 carnaliter,
1439 1253 1538 1298 quae
1561 1254 1645 1281 non
1667 1237 1703 1282 ei

326 1308 401 1355 dat
426 1309 629 1355 virtutem
655 1323 776 1351 suam
799 1343 809 1362 ‚
853 1305 957 1368 quia
990 1305 1032 1349 in
1073 1322 1119 1349 ea
1161 1322 1250 1350 non
1287 1305 1489 1365 intelligit
1522 1308 1702 1365 gratiam

328 1379 509 1426 Christi.
542 1380 777 1441 Propterea
804 1376 907 1421 etin
933 1376 1027 1438 ipsa
1050 1385 1160 1421 terra
1181 1413 1192 1431 ‚
1217 1393 1346 1439 quam
1379 1377 1583 1422 Christus
1601 1395 1706 1440 por—

334 1452 441 1498 tavit
460 1490 470 1507 ,
498 1450 544 1497 id
569 1461 657 1505 est,
686 1449 731 1494 in
759 1451 852 1508 ejus
883 1464 1040 1503 earne‚
1082 1447 1165 1510 ipsi
1200 1448 1366 1511 operati
1402 1459 1502 1494 sunt
1527 1448 1706 1494 salutem

325 1535 517 1570 nostram
542 1520 838 1580 crucifigendo
861 1519 1086 1564 Christum
1104 1557 1113 1574 ,
1136 1519 1212 1582 qui
1230 1530 1426 1564 mortuns
1446 1530 1507 1564 est
1527 1531 1709 1583 propter

328 1595 487 1641 delicta
509 1603 654 1638 nostra
669 1591 701 1637 3.
732 1590 821 1635 Nec
841 1590 898 1634 eis
914 1589 1034 1635 dedit
1048 1589 1196 1634 eadem
1217 1600 1324 1635 terra
1339 1590 1545 1635 virtutem
1566 1608 1704 1647 suam,

331 1667 434 1732 quia
454 1685 541 1712 non
562 1664 788 1726 justificati
813 1674 914 1708 sunt
936 1663 1095 1708 virtute
1118 1663 1439 1709 resurrectionis
1473 1668 1564 1724 ejus
1587 1702 1597 1719 ‚
1633 1666 1708 1728 qui

331 1738 557 1785 resurrexit
591 1746 772 1800 propter
802 1734 1159 1794 justificationem
1196 1745 1383 1779 nostram
1403 1733 1422 1762 [⁸
1451 1752 1462 1779 ε
1494 1735 1597 1798 quia
1632 1735 1709 1780 etsi

332 1810 565 1855 crucifixus
584 1818 645 1853 est
665 1824 711 1852 ex
733 1804 986 1851 infirmitate
1001 1841 1012 1860 ,
1044 1804 1117 1849 sed
1143 1804 1247 1850 vivit
1267 1822 1313 1849 ex
1339 1804 1498 1850 virtute
1521 1805 1628 1858 Dei,
1650 1806 1710 1851 si-

333 1892 410 1927 eut
444 1881 551 1926 dicit
588 1877 834 1942 Apostolus.
879 1876 988 1921 Ilaec
1024 1892 1123 1936 ergo
1154 1886 1217 1921 est
1242 1876 1380 1922 virtus
1413 1887 1540 1923 terrae
1567 1876 1708 1931 illius,

334 1970 467 2017 quam
489 1969 578 1997 non
603 1948 792 1996 ostendit
811 1946 958 2011 impiis
982 1958 1023 1992 et
1043 1946 1291 1994 incredulis.
1320 1946 1446 1993 Unde
1463 1965 1542 1993 nee
1565 1965 1713 1994 resur-

334 2041 435 2084 gens
451 2023 509 2069 eis
528 2021 729 2086 aquibus
753 2029 843 2065 erat
863 2018 1095 2064 crucifixus
1117 2018 1343 2081 apparuit,
1375 2028 1581 2082 tanquam
1605 2019 1714 2064 Ca'in

336 2093 536 2157 operanti
553 2103 712 2138 terram
733 2127 743 2145 ‚
773 2098 821 2134 ut
847 2105 1028 2147 granum
1049 2087 1159 2133 illud
1191 2088 1473 2142 seminaretur
1490 2126 1501 2145 ‚
1529 2106 1617 2134 non
1641 2106 1714 2134 os-

341 2164 518 2209 tendens
541 2162 691 2209 eadem
718 2172 828 2205 terra
845 2158 1039 2204 fructum
1057 2158 1229 2204 virtutis
1252 2175 1355 2205 suae.
1378 2159 1595 2215 Quoniam
1614 2176 1714 2222 ope-

340 2236 529 2285 raberis,
563 2233 735 2296 inquit,
770 2242 950 2287 terram,
987 2240 1028 2275 et
1055 2247 1144 2275 non
1163 2228 1338 2289 adjiciet
1359 2230 1564 2276 virtutem
1594 2247 1714 2276 suam

341 2308 443 2354 dare
464 2307 546 2353 tihi
560 2306 592 2353 5.

405 2381 508 2427 XII.
525 2401 545 2419 c<
560 2379 745 2423 Gemens
756 2385 796 2421 et
812 2386 996 2420 tremens
1011 2373 1090 2418 eris
1111 2372 1156 2418 in
1179 2384 1334 2420 terra.»
1355 2374 1483 2419 Nunc
1502 2391 1601 2420 eece
1618 2375 1715 2437 quis

340 2469 429 2498 non
445 2451 613 2506 videat,
640 2447 737 2512 quis
757 2462 845 2492 non
872 2454 1076 2504 agnoscat
1097 2444 1143 2490 in
1163 2453 1252 2489 tota
1275 2454 1381 2490 terra
1403 2481 1414 2501 ‚
1440 2461 1716 2508 quacumque

390 2543 399 2565 ¹
423 2553 440 2573 2
469 2543 543 2574 Cor.
565 2551 606 2571 nt
622 2563 630 2578 ‚
653 2539 708 2571 15.
723 2555 769 2561 —
785 2534 801 2558 ‘²
818 2534 938 2568 Manli.
963 2545 1067 2572 xxm,
1088 2535 1143 2568 51.
1161 2552 1205 2558 —
1225 2531 1238 2556 3
1267 2546 1279 2566 1
1302 2536 1377 2567 Cor.
1399 2546 1451 2575 xv,
1472 2536 1503 2567 5,
1521 2554 1563 2559 .-
1583 2532 1597 2557 ⁴
1616 2538 1714 2569 Rom·

343 2607 389 2635 xv,
405 2596 460 2627 25.
478 2611 523 2618 ·—-
539 2591 553 2616 5
570 2596 652 2625 Gen.
672 2602 717 2629 tv,
735 2601 787 2623 12.
