1795 3253
327 265 420 321 430
736 278 771 310 s.
813 278 1058 311 Avensa-im
1094 279 1299 312 muscom

324 346 421 391 litas
446 355 744 409 permaneret3
765 345 824 392 ita
843 347 932 392 fieri
956 346 1146 410 potuisse
1163 383 1174 401 ‚
1200 357 1248 392 ut
1275 363 1375 393 cum
1401 347 1604 394 Christus
1629 347 1702 394 di-

323 428 436 463 ceret
455 416 507 462 de
533 434 575 462 se
593 416 810 479 scripsisse
835 418 1014 479 Moysen
1030 455 1040 469 ,
1063 417 1149 462 hoe
1175 417 1310 478 magis
1335 419 1524 478 maligna
1546 419 1703 469 astutia

322 489 519 534 timentes
544 487 659 533 unde
679 488 1044 534 convincerentur
1069 488 1242 543 audire,
1269 490 1449 536 omnino
1476 507 1564 536 non
1584 506 1704 553 quae—

324 570 467 605 rerent
491 559 598 623 quid
617 558 756 605 deillo
787 560 1006 623 scripserit
1028 560 1210 621 Moyses.

386 632 505 678 MV.
550 630 631 676 Sed
658 631 773 676 hanc
792 648 879 676 non
898 631 1037 676 solum
1074 631 1322 691 sacrilegam
1349 632 1552 680 adversus
1576 650 1704 680 evan-

323 701 502 762 gelicam
517 701 807 757 sanctitatem,
825 702 1108 748 verumetiam
1123 719 1320 748 enervem
1344 719 1391 748 ac
1409 702 1597 750 debilem
1617 721 1704 751 esse

323 773 736 833 argumentationem
775 773 905 818 sentit
937 783 979 817 et
1013 774 1223 826 Faustus3
1260 783 1389 836 atque
1414 774 1702 821 intentionem

322 861 443 889 suam
466 844 512 890 in
535 843 643 889 illud
670 844 815 906 potius
837 842 1032 895 confert,
1060 860 1196 907 eoque
1215 860 1256 888 se
1277 843 1378 907 plus
1402 845 1538 891 teneri
1558 845 1667 891 dicit
1688 883 1700 903 ,

322 916 424 980 quia
454 932 625 962 omnem
648 916 842 977 Mo‘yseos
862 915 1137 978 Scripturam
1164 926 1381 961 scrutatus
1404 915 1544 962 nullas
1569 917 1632 962 ibi
1651 915 1704 963 de

326 987 503 1032 Christo
518 985 773 1049 prophetias
795 985 974 1031 invenit.
999 985 1083 1030 Cui
1103 985 1191 1031 cito
1208 986 1448 1049 respondeo
1465 1024 1475 1043 ,
1499 986 1600 1051 quia
1616 1004 1704 1033 non

322 1058 524 1117 intelligit
552 1075 562 1102 ε
589 1068 632 1102 et
656 1057 690 1102 si
722 1073 802 1102 cur
825 1073 913 1101 non
939 1055 1151 1115 intelligat
1189 1058 1421 1121 quisquam
1445 1058 1667 1121 quaesierit
1689 1079 1701 1113 3

323 1128 597 1191 respondebo
619 1165 630 1183 ,
670 1128 773 1191 quia
810 1127 987 1173 inimico
1005 1165 1015 1182 ,
1051 1128 1153 1190 quia
1180 1128 1360 1174 adverso
1386 1130 1530 1174 animo
1565 1128 1667 1189 legit
1689 1149 1700 1183 ;

323 1201 426 1263 quia
454 1216 541 1245 non
562 1199 658 1244 ideo
683 1209 903 1244 scrutatur
931 1209 980 1244 ut
999 1198 1107 1244 sciat
1124 1236 1134 1249 ,
1169 1199 1242 1245 sed
1266 1199 1387 1263 quod
1415 1200 1573 1253 nescit,
1596 1201 1704 1247 scire

322 1288 364 1317 se
389 1281 530 1334 putat.
561 1271 669 1316 Haec
698 1270 986 1332 praesumptio
1020 1270 1202 1315 tumidae
1238 1271 1492 1330 arrogantiae
1524 1270 1703 1317 oculum

320 1342 462 1388 cordis
481 1341 548 1386 vel
565 1339 759 1395 claudit,
782 1350 831 1384 ut
850 1340 1028 1384 omnino
1049 1357 1137 1385 non
1157 1340 1301 1386 videat
1319 1362 1329 1394 ;
1354 1340 1421 1386 vel
1439 1340 1699 1405 distorquet,

320 1424 368 1459 ut
391 1428 587 1476 perverse
618 1410 785 1463 videat,
818 1421 859 1456 et
895 1409 1011 1455 aliud
1031 1427 1111 1473 pro
1134 1411 1216 1456 alio
1245 1412 1404 1474 probet
1432 1421 1507 1456 aut
1530 1412 1702 1474 impro-

321 1485 394 1529 bet
427 1501 437 1527 :
470 1484 578 1527 «Tu
611 1498 705 1536 me,
746 1481 917 1544 inquit,
954 1480 1089 1536 doce,
1131 1481 1240 1544 quid
1266 1493 1328 1527 est
1355 1481 1475 1545 quod
1503 1499 1571 1527 me
1592 1483 1702 1528 sorte

323 1578 342 1598 »
365 1555 575 1615 legentem
600 1552 858 1616 praeterierit
878 1551 931 1597 de
951 1552 1040 1597 Deo
1066 1569 1114 1597 ac
1141 1554 1325 1598 Domino
1363 1563 1511 1598 nostro
1536 1570 1702 1599 memo-

322 1650 343 1669 »
367 1636 509 1671 ratum
530 1624 574 1669 in
592 1623 822 1685 Scriptura
849 1622 1005 1684 Moysi.
1031 1644 1050 1663 »
1082 1624 1137 1667 Et
1164 1623 1237 1668 hic
1260 1624 1348 1669 cito
1375 1622 1661 1686 respondeam
1686 1661 1697 1679 ,

323 1699 483 1742 Totum
507 1705 545 1739 te
570 1693 810 1756 praeteriit,
837 1692 941 1754 quia
968 1702 1108 1737 totum
1135 1692 1206 1738 ille
1227 1692 1280 1738 de
1302 1693 1480 1738 Christo
1506 1694 1694 1756 scripsit.

323 1767 406 1814 Sed
431 1766 534 1829 quia
562 1774 699 1809 totum
724 1763 938 1808 discutere
962 1772 1004 1807 et
1026 1773 1292 1825 pertractare
1320 1780 1410 1808 non
1434 1780 1663 1826 possumus
1685 1801 1696 1820 ,

324 1841 407 1885 hoc
429 1838 509 1883 tibi
534 1837 577 1881 in
602 1835 683 1880 isto
710 1851 838 1897 opere
855 1871 865 1890 ,
887 1834 921 1879 si
938 1845 1093 1897 potero
1116 1834 1304 1880 Domino
1327 1834 1562 1894 adjuvante
1579 1872 1589 1891 ,
1610 1852 1700 1880 ser-

320 1911 434 1956 vabo
454 1945 464 1964 ,
488 1906 609 1971 qnod
633 1905 832 1968 superius
859 1904 947 1949 dixi
968 1941 978 1957 ,
1007 1916 1055 1950 ut
1072 1922 1120 1950 ea
1148 1905 1242 1968 ipsa
1262 1921 1362 1968 quae
1383 1904 1437 1950 ad
1461 1905 1700 1968 reprehen-

320 1980 512 2027 dendum
531 1978 649 2037 eligis
664 2014 675 2031 ,
696 1975 919 2021 ostendam
934 1975 988 2021 tle
1002 1976 1178 2021 Christo
1194 1993 1279 2021 esse
1299 1976 1699 2039 conscripta.Quin

317 2053 444 2098 etiam
463 2050 574 2114 petis
597 2066 607 2093 :
632 2069 652 2089 «
671 2047 733 2091 Ne
753 2045 961 2103 dixerim,
983 2056 1030 2092 ut
1049 2046 1241 2110 imperiti
1256 2046 1393 2092 solent
1409 2083 1419 2099 ,
1442 2046 1528 2092 hoc
1548 2047 1697 2110 ipsum

318 2145 338 2165 ³>
362 2123 461 2168 satis
482 2137 567 2166 esse
586 2118 744 2165 debere
773 2117 826 2163 ad
849 2117 980 2163 fidem
999 2155 1010 2173 ,
1037 2118 1141 2182 quia
1167 2118 1369 2163 Christus
1390 2117 1544 2163 dixerit
1565 2117 1619 2163 de
1655 2135 1698 2164 se

319 2216 340 2236 ›>
363 2191 580 2255 scripsisse
603 2191 796 2250 Moysen.
824 2210 845 2230 >³
871 2187 1004 2245 Quod
1027 2188 1204 2251 quidem
1229 2188 1261 2233 si
1288 2188 1413 2243 dico,
1442 2205 1529 2233 non
1553 2198 1600 2233 ut
1617 2188 1697 2234 im-

318 2264 484 2328 peritus
502 2260 574 2306 scd
593 2270 639 2305 ut
657 2259 794 2304 fidelis
813 2259 912 2305 dico
940 2277 950 2303 :
980 2276 1067 2305 non
1084 2260 1224 2305 valere
1248 2270 1390 2305 autem
1412 2258 1499 2304 hoc
1518 2258 1571 2304 ad
1594 2276 1696 2306 con-

319 2332 584 2382 vincendum
619 2329 834 2376 Gentilem
866 2330 932 2376 vel
955 2330 1162 2376 Judaeum
1185 2367 1195 2381 ,
1233 2341 1276 2376 et
1313 2347 1392 2389 ego
1421 2328 1587 2383 fateor3
1623 2330 1694 2376 sed

323 2407 373 2454 ad
381 2421 524 2451 versus
536 2419 610 2448 vos
623 2439 632 2458 ‚
647 2401 723 2465 qui
748 2418 926 2467 quoquo
950 2401 1081 2447 modo
1092 2401 1267 2447 nomine
1280 2400 1519 2447 christiano
1532 2399 1695 2460 gloria-

321 2477 445 2531 mini,
473 2474 573 2520 satis
593 2489 679 2535 esse
698 2471 904 2517 idoneum
925 2489 972 2518 ac
993 2472 1284 2536 praevalidum
1303 2508 1314 2528 ,
1351 2482 1398 2518 tu
1420 2487 1598 2535 quoque
1618 2472 1694 2518 etsi

320 2552 396 2599 diu
409 2545 726 2605 tergiversatuS‚
749 2553 892 2588 tamen
904 2554 1080 2589 coactus
1090 2561 1132 2589 es
1148 2542 1346 2590 confiteri
1365 2541 1513 2588 dicens
1529 2559 1539 2586 :
1557 2540 1694 2588 «Nolo

321 2622 438 2670 enim
463 2631 581 2662 nunc
607 2613 663 2662 ad
684 2630 753 2660 me
775 2614 980 2677 rspicias,
1007 2630 1139 2677 quem
1166 2613 1221 2661 acl
1246 2611 1515 2660 credendum
1533 2610 1695 2675 profes-

1788 0 1795 168 g

1789 221 1795 370 5
