1795 3253
333 268 422 312 262
751 284 792 314 S.
829 283 1074 316 Aueusrmr
1106 285 1313 318 EP1scoP1

332 365 420 394 non
440 346 628 411 potuisse
652 353 809 412 putat?
830 350 1064 407 Quomodo
1082 366 1193 415 puro
1207 351 1355 409 corde,
1377 352 1423 399 in
1437 369 1525 417 quo
1546 354 1709 402 tumul-

330 429 509 464 tuantur
527 429 614 464 tam
639 421 842 481 sacrilega
862 433 903 468 et
929 433 1014 469 tam
1046 422 1182 468 multa
1208 424 1449 483 figmenta?
1474 425 1709 482 Quomodo

331 490 571 550 lugentem,
604 491 684 536 nisi
711 494 849 538 Deum
889 511 1014 540 suum
1049 505 1228 557 captum
1255 505 1297 540 et
1324 495 1532 555 ligatum?
1573 496 1712 545 donec

331 561 523 607 solvatur
544 573 586 607 et
608 563 791 620 evadat,
829 581 875 610 ex
894 565 1083 629 quadam
1108 575 1252 610 tamen
1292 576 1417 629 parte
1440 566 1709 625 decurtatus,

333 650 432 697 quae
454 635 497 678 in
525 632 655 693 globo
681 634 955 681 tenebrarum
979 654 1002 681 a
1022 637 1148 681 Patre
1171 635 1381 695 ligabitur
1395 674 1406 694 ‚
1428 647 1470 682 et
1488 655 1576 683 non
1595 638 1713 699 luge-

332 705 468 751 bitur.
501 704 735 760 Quomodo
754 706 1008 751 esurientem
1032 716 1073 750 et
1098 705 1311 751 sitientem
1326 707 1561 767 justitiam,
1583 726 1716 772 quam

335 778 513 821 Faustus
543 776 586 820 in
608 776 780 840 seriptis
800 777 986 822 suisnon
1009 776 1198 833 addidit,
1226 776 1356 823 credo
1386 796 1439 823 ne
1466 778 1549 824 sibi
1573 779 1715 827 deesse

331 846 567 902 videretur,
592 847 625 892 si
652 864 745 892 eam
763 865 805 893 se
820 848 967 894 adhuc
988 849 1146 894 esurire
1165 865 1213 893 ac
1230 848 1348 894 sitire
1372 849 1612 897 fateretur?
1629 852 1714 898 Sed

335 934 465 981 quam
479 918 690 978 justitiam
710 918 777 963 isti
791 919 985 964 esuriunt
1002 930 1042 964 et
1061 919 1229 975 sitiunt,
1245 919 1715 983 quibusperfeetajus-

336 991 427 1036 titia
447 990 543 1045 erit,
565 989 779 1035 damnatis
815 991 859 1035 in
883 990 1012 1050 globo
1037 991 1246 1036 fratribus
1269 991 1346 1054 qui
1375 992 1487 1037 nihil
1511 1009 1588 1038 suo
1609 993 1715 1040 vitio

334 1071 642 1127 peccaverunt,
661 1060 732 1105 sed
756 1061 901 1106 hostili
924 1062 1039 1116 tabe‚
1063 1072 1214 1107 contra
1229 1079 1363 1125 quam
1383 1079 1453 1107 eos
1468 1062 1596 1108 Pater
1629 1064 1715 1109 mi—
1782 1079 1795 1134 ⁸:

335 1134 389 1179 sit
408 1171 418 1189 ,
445 1131 761 1195 inexpiabiliter
779 1132 926 1178 infecti
954 1144 1079 1188 sunt,
1109 1133 1286 1196 insuper
1309 1132 1614 1196 triumphare?

406 1204 529 1249 Yltl.
573 1202 806 1258 Quomodo
837 1204 1154 1266 persecutiones
1171 1214 1212 1248 et
1232 1202 1330 1248 odia
1353 1203 1567 1249 sustinetis
1584 1222 1717 1269 prop-

339 1274 628 1336 terjustitiam
647 1311 657 1330 ‚
685 1274 847 1338 quibus
874 1275 970 1320 h'aec
988 1274 1208 1335 sacrilegia
1230 1274 1526 1338 prfedicareet
1548 1294 1718 1339 persua-

341 1350 439 1396 dere
472 1345 643 1407 justitia
666 1357 727 1391 est
743 1349 760 1391 ’J
795 1347 881 1390 Pro
906 1363 992 1409 qua
1026 1347 1163 1410 impia
1200 1346 1500 1409 perversitate,
1536 1359 1719 1412 propter

340 1419 679 1467 christianorum
706 1427 950 1481 temporum
974 1416 1347 1463 mansuetudinem
1369 1454 1380 1474 ,
1418 1435 1551 1482 quam
1583 1437 1719 1482 parva

341 1503 381 1538 et
396 1508 535 1555 prope
554 1488 670 1534 nulla
690 1488 935 1552 patiamini,
955 1506 1133 1534 curnon
1147 1488 1371 1548 cogitatis?
1391 1488 1488 1546 sed,
1511 1500 1719 1556 tanquam

341 1563 469 1610 caecis
492 1560 708 1623 fatuisque
728 1559 987 1624 loquamini,
1004 1560 1187 1621 justitiae
1206 1570 1358 1605 vestroe
1380 1559 1497 1606 velut
1514 1578 1719 1622 magnum
1784 1608 1785 1623 χ

341 1652 427 1681 esse
444 1631 574 1678 vultis
592 1630 830 1679 indicium
820 1630 970 1695 quod
994 1630 1236 1695 opprobria
1260 1630 1475 1676 sustinetis
1486 1649 1720 1710 ‚persecu-

340 1707 588 1766 tionemque
618 1701 834 1765 patimini
862 1702 998 1747 Ροιιο
1022 1702 1053 1747 5ἰ
1081 1712 1201 1747 tanto
1233 1711 1296 1746 est
1320 1700 1505 1765 quisque
1528 1702 1715 1762 Justior

341 1786 503 1843 quanto
529 1772 1006 1836 grttviorfftpeipetitur
1032 1772 1187 1818 omitto
1213 1771 1382 1825 dicere
1424 1772 1544 1852 quod
1576 1773 1720 1820 videre

341 1851 367 1895 1
361 1867 408 1895 ιι
402 1847 598 1893 illituum
617 1855 707 1893 est
733 1862 806 1908 qu·1
798 1862 864 1890 ιιιιι
880 1844 1018 1890 multo
1034 1844 1229 1904 oraviora
1243 1861 1269 1888 x
1274 1843 1368 1889 obis
1385 1844 1477 1906 pati
1484 1856 1612 1890 antur
1630 1845 1722 1892 aliis

341 1932 469 1983 atque
491 1916 581 1962 aliis
607 1915 854 1979 quibusque
873 1914 1144 1960 facinoribus
1169 1914 1431 1978 flagitiisque
1455 1914 1628 1978 polluti.
1658 1916 1722 1961 ll-

342 1991 417 2038 lud
439 1989 537 2035 dieo
555 2027 564 2035 .
592 1988 622 2033 si
645 2004 727 2051 pro
761 1986 934 2032 nomine
959 1986 1123 2031 Christi
1149 1987 1328 2049 quoquo
1356 1985 1486 2031 modo
1513 1998 1722 2050 usurpato

344 2074 471 2126 atque
484 2069 699 2122 suscepto,
718 2058 913 2122 quisquis
926 2057 1093 2121 patitur
1109 2056 1472 2121 persecutionem,
1488 2060 1578 2117 jam
1593 2058 1721 2104 etiam

343 2150 487 2179 veram
505 2130 634 2176 fidem
649 2129 953 2192 justitiamque
973 2139 1114 2173 tenere
1135 2126 1347 2173 dicendus
1366 2138 1453 2182 est3
1476 2127 1719 2184 concedite,

345 2215 392 2250 ut
415 2203 487 2248 ille
511 2202 563 2247 sit
587 2200 689 2245 fidei
707 2199 884 2245 verioris
900 2238 910 2255 ‚
932 2199 1193 2264 majorisque
1205 2198 1386 2258 J'ustitiae
1402 2235 1413 2254 ,
1434 2215 1564 2262 quem
1583 2199 1722 2245 multo

342 2273 468 2321 vobis
485 2272 681 2332 graviora
699 2288 949 2334 perpessum
962 2271 1230 2335 potuerimus
1248 2268 1470 2315 ostendere
1493 2287 1504 2314 :
1528 2280 1570 2315 et
1587 2270 1724 2316 millia

336 2349 428 2407 jam
454 2344 577 2390 vobis
611 2353 857 2388 nostrorum
890 2344 1133 2407 Martyrum
1162 2351 1427 2397 occurrant,
1471 2351 1598 2405 atque
1631 2341 1723 2405 ipse

342 2415 567 2480 praecipue
589 2414 837 2477 Cyprianus
854 2451 864 2463 ,
893 2417 1018 2473 cujus
1039 2413 1167 2459 etiam
1191 2412 1342 2457 litteris
1359 2410 1584 2468 edocetur,
1603 2411 1723 2476 quod

341 2488 386 2533 in
410 2487 637 2532 Christum
659 2484 892 2530 crediderit
912 2495 1064 2531 natum
1084 2502 1131 2530 ex
1149 2483 1314 2544 virgine
1339 2483 1493 2529 Maria.
1528 2483 1614 2527 Pro
1639 2482 1724 2528 hac

342 2557 413 2604 ille
434 2557 540 2611 fide„
564 2573 696 2620 quam
721 2573 796 2601 vos
821 2555 1120 2612 detestamini,
1147 2571 1281 2619 usque
1302 2553 1357 2599 ad
1383 2552 1578 2615 gladium
1602 2570 1724 2599 mor-

346 2641 517 2693 temque
540 2627 767 2693 pervenit,
798 2644 900 2674 cum
930 2627 1132 2689 gregibus
1156 2625 1509 2673 Christianorum
1535 2634 1640 2671 tunc
1664 2623 1725 2670 ita
