<?xml version="1.0" encoding="UTF-8"?>
<!DOCTYPE html PUBLIC "-//W3C//DTD XHTML 1.0 Transitional//EN"
    "http://www.w3.org/TR/xhtml1/DTD/xhtml1-transitional.dtd">
<html xmlns="http://www.w3.org/1999/xhtml" xml:lang="en" lang="en">
 <head>
  <title>
</title>
<meta http-equiv="Content-Type" content="text/html;charset=utf-8" />
  <meta name='ocr-system' content='tesseract 3.04.00' />
  <meta name='ocr-capabilities' content='ocr_page ocr_carea ocr_par ocr_line ocrx_word'/>
</head>
<body>
  <div class='ocr_page' id='page_1' title='image "./operaomniaaccura28auguuoft/operaomniaaccura28auguuoft_0360.png"; bbox 0 0 1795 3253; ppageno 0'>
   <div class='ocr_carea' id='block_1_1' title="bbox 358 287 1350 332">
    <p class='ocr_par' dir='ltr' id='par_1_1' title="bbox 358 287 1350 332">
     <span class='ocr_line' id='line_1_1' title="bbox 358 287 1350 332; baseline 0 -1"><span class='ocrx_word' id='word_1_1' title='bbox 358 287 448 332; x_wconf 82' lang='lat'>350</span> <span class='ocrx_word' id='word_1_2' title='bbox 782 297 816 328; x_wconf 81' lang='lat' dir='ltr'>S.</span> <span class='ocrx_word' id='word_1_3' title='bbox 861 297 1106 329; x_wconf 65' lang='lat' dir='ltr'>Auous‘nm</span> <span class='ocrx_word' id='word_1_4' title='bbox 1145 294 1350 331; x_wconf 80' lang='lat' dir='ltr'>EPISCOPI</span> 
     </span>
    </p>
   </div>
   <div class='ocr_carea' id='block_1_2' title="bbox 318 356 1742 2556">
    <p class='ocr_par' dir='ltr' id='par_1_2' title="bbox 318 356 1742 2556">
     <span class='ocr_line' id='line_1_2' title="bbox 357 356 1737 424; baseline 0.001 -14"><span class='ocrx_word' id='word_1_5' title='bbox 357 369 482 424; x_wconf 78' lang='lat' dir='ltr'>cujus</span> <span class='ocrx_word' id='word_1_6' title='bbox 521 363 637 408; x_wconf 84' lang='lat' dir='ltr'>tribu</span> <span class='ocrx_word' id='word_1_7' title='bbox 664 360 866 409; x_wconf 76' lang='lat' dir='ltr'>Christus</span> <span class='ocrx_word' id='word_1_8' title='bbox 901 364 1020 409; x_wconf 74' lang='lat' dir='ltr'>venit</span> <span class='ocrx_word' id='word_1_9' title='bbox 1058 382 1102 408; x_wconf 81' lang='lat' dir='ltr'>ex</span> <span class='ocrx_word' id='word_1_10' title='bbox 1132 364 1292 410; x_wconf 84' lang='lat' dir='ltr'>semine</span> <span class='ocrx_word' id='word_1_11' title='bbox 1321 364 1465 411; x_wconf 70' lang='lat' dir='ltr'>David</span> <span class='ocrx_word' id='word_1_12' title='bbox 1499 356 1737 412; x_wconf 82' lang='lat' dir='ltr'>secundum</span> 
     </span>
     <span class='ocr_line' id='line_1_3' title="bbox 356 433 1740 497; baseline 0.001 -17"><span class='ocrx_word' id='word_1_13' title='bbox 356 433 580 487; x_wconf 70' lang='lat' dir='ltr'>carnem1,</span> <span class='ocrx_word' id='word_1_14' title='bbox 607 434 715 479; x_wconf 75' lang='lat' dir='ltr'>sicut</span> <span class='ocrx_word' id='word_1_15' title='bbox 740 434 988 497; x_wconf 70' lang='lat' dir='ltr'>Apostolica</span> <span class='ocrx_word' id='word_1_16' title='bbox 1011 435 1210 480; x_wconf 79' lang='lat' dir='ltr'>doctrina</span> <span class='ocrx_word' id='word_1_17' title='bbox 1240 446 1434 482; x_wconf 76' lang='lat' dir='ltr'>testatur.</span> <span class='ocrx_word' id='word_1_18' title='bbox 1468 435 1615 481; x_wconf 80' lang='lat' dir='ltr'>«Juda</span> <span class='ocrx_word' id='word_1_19' title='bbox 1634 473 1644 492; x_wconf 78' lang='lat'><strong>,</strong></span> <span class='ocrx_word' id='word_1_20' title='bbox 1668 436 1740 481; x_wconf 89' lang='lat' dir='ltr'>in-</span> 
     </span>
     <span class='ocr_line' id='line_1_4' title="bbox 356 504 1740 570; baseline 0.003 -22"><span class='ocrx_word' id='word_1_21' title='bbox 356 529 375 548; x_wconf 74' lang='grc'>»</span> <span class='ocrx_word' id='word_1_22' title='bbox 399 506 522 570; x_wconf 81' lang='lat' dir='ltr'>quit,</span> <span class='ocrx_word' id='word_1_23' title='bbox 546 516 584 550; x_wconf 81' lang='lat' dir='ltr'>te</span> <span class='ocrx_word' id='word_1_24' title='bbox 603 504 762 550; x_wconf 82' lang='lat' dir='ltr'>audent</span> <span class='ocrx_word' id='word_1_25' title='bbox 788 504 938 551; x_wconf 81' lang='lat' dir='ltr'>fratres</span> <span class='ocrx_word' id='word_1_26' title='bbox 963 507 1021 551; x_wconf 87' lang='lat' dir='ltr'>tui</span> <span class='ocrx_word' id='word_1_27' title='bbox 1038 544 1048 557; x_wconf 81' lang='grc'>,</span> <span class='ocrx_word' id='word_1_28' title='bbox 1078 522 1229 551; x_wconf 77' lang='lat' dir='ltr'>manus</span> <span class='ocrx_word' id='word_1_29' title='bbox 1255 517 1338 552; x_wconf 66' lang='lat' dir='ltr'>tute</span> <span class='ocrx_word' id='word_1_30' title='bbox 1360 524 1489 570; x_wconf 73' lang='lat' dir='ltr'>super</span> <span class='ocrx_word' id='word_1_31' title='bbox 1513 506 1638 553; x_wconf 85' lang='lat' dir='ltr'>dorsa</span> <span class='ocrx_word' id='word_1_32' title='bbox 1659 507 1740 552; x_wconf 88' lang='lat' dir='ltr'>ini-</span> 
     </span>
     <span class='ocr_line' id='line_1_5' title="bbox 356 575 1740 641; baseline 0.002 -21"><span class='ocrx_word' id='word_1_33' title='bbox 356 599 376 620; x_wconf 82' lang='lat'>»</span> <span class='ocrx_word' id='word_1_34' title='bbox 402 576 613 622; x_wconf 79' lang='lat' dir='ltr'>micorum</span> <span class='ocrx_word' id='word_1_35' title='bbox 646 586 820 621; x_wconf 86' lang='lat' dir='ltr'>tuorum</span> <span class='ocrx_word' id='word_1_36' title='bbox 842 613 852 629; x_wconf 95' lang='lat'><strong>‚</strong></span> <span class='ocrx_word' id='word_1_37' title='bbox 881 575 1129 621; x_wconf 84' lang='lat' dir='ltr'>adorabunt</span> <span class='ocrx_word' id='word_1_38' title='bbox 1155 586 1192 619; x_wconf 83' lang='lat' dir='ltr'>te</span> <span class='ocrx_word' id='word_1_39' title='bbox 1218 577 1294 622; x_wconf 83' lang='lat' dir='ltr'>filii</span> <span class='ocrx_word' id='word_1_40' title='bbox 1314 578 1448 641; x_wconf 77' lang='lat' dir='ltr'>patris</span> <span class='ocrx_word' id='word_1_41' title='bbox 1467 577 1740 624; x_wconf 81' lang='lat' dir='ltr'>tui.Catulus</span> 
     </span>
     <span class='ocr_line' id='line_1_6' title="bbox 357 646 1741 706; baseline 0.001 -15"><span class='ocrx_word' id='word_1_42' title='bbox 357 671 376 691; x_wconf 84' lang='lat'>»</span> <span class='ocrx_word' id='word_1_43' title='bbox 404 648 536 693; x_wconf 87' lang='lat' dir='ltr'>leonis</span> <span class='ocrx_word' id='word_1_44' title='bbox 572 646 685 692; x_wconf 84' lang='lat' dir='ltr'>Juda</span> <span class='ocrx_word' id='word_1_45' title='bbox 705 685 715 697; x_wconf 83' lang='grc'>,</span> <span class='ocrx_word' id='word_1_46' title='bbox 750 646 803 692; x_wconf 88' lang='lat' dir='ltr'>de</span> <span class='ocrx_word' id='word_1_47' title='bbox 839 647 1152 706; x_wconf 70' lang='lat' dir='ltr'>germinatione</span> <span class='ocrx_word' id='word_1_48' title='bbox 1182 647 1297 693; x_wconf 86' lang='lat' dir='ltr'>filius</span> <span class='ocrx_word' id='word_1_49' title='bbox 1338 666 1484 702; x_wconf 79' lang='lat' dir='ltr'>meus,</span> <span class='ocrx_word' id='word_1_50' title='bbox 1510 647 1741 694; x_wconf 80' lang='lat' dir='ltr'>ascendisti</span> 
     </span>
     <span class='ocr_line' id='line_1_7' title="bbox 355 717 1740 783; baseline 0 -19"><span class='ocrx_word' id='word_1_51' title='bbox 355 743 375 763; x_wconf 87' lang='lat'>»</span> <span class='ocrx_word' id='word_1_52' title='bbox 400 719 654 764; x_wconf 71' lang='lat' dir='ltr'>recumbens</span> <span class='ocrx_word' id='word_1_53' title='bbox 669 755 678 767; x_wconf 80' lang='grc'>,</span> <span class='ocrx_word' id='word_1_54' title='bbox 715 717 911 763; x_wconf 88' lang='lat' dir='ltr'>dormisti</span> <span class='ocrx_word' id='word_1_55' title='bbox 935 729 981 763; x_wconf 89' lang='lat' dir='ltr'>ut</span> <span class='ocrx_word' id='word_1_56' title='bbox 1002 718 1065 763; x_wconf 87' lang='lat' dir='ltr'>leo</span> <span class='ocrx_word' id='word_1_57' title='bbox 1083 755 1093 772; x_wconf 84' lang='lat'>‚</span> <span class='ocrx_word' id='word_1_58' title='bbox 1115 727 1156 762; x_wconf 87' lang='lat' dir='ltr'>et</span> <span class='ocrx_word' id='word_1_59' title='bbox 1186 729 1233 763; x_wconf 89' lang='lat' dir='ltr'>ut</span> <span class='ocrx_word' id='word_1_60' title='bbox 1258 719 1428 764; x_wconf 86' lang='lat' dir='ltr'>catulus</span> <span class='ocrx_word' id='word_1_61' title='bbox 1444 719 1581 765; x_wconf 88' lang='lat' dir='ltr'>leonis</span> <span class='ocrx_word' id='word_1_62' title='bbox 1601 756 1612 775; x_wconf 82' lang='grc'>,</span> <span class='ocrx_word' id='word_1_63' title='bbox 1640 718 1740 783; x_wconf 88' lang='lat' dir='ltr'>quis</span> 
     </span>
     <span class='ocr_line' id='line_1_8' title="bbox 354 788 1740 852; baseline 0.001 -19"><span class='ocrx_word' id='word_1_64' title='bbox 354 813 375 833; x_wconf 85' lang='lat'>»</span> <span class='ocrx_word' id='word_1_65' title='bbox 399 788 625 835; x_wconf 77' lang='lat' dir='ltr'>suscitabit</span> <span class='ocrx_word' id='word_1_66' title='bbox 648 792 780 834; x_wconf 66' lang='lat' dir='ltr'>eum?</span> <span class='ocrx_word' id='word_1_67' title='bbox 820 789 914 833; x_wconf 66' lang='lat' dir='ltr'>Non</span> <span class='ocrx_word' id='word_1_68' title='bbox 944 788 1083 834; x_wconf 90' lang='lat' dir='ltr'>deerit</span> <span class='ocrx_word' id='word_1_69' title='bbox 1106 788 1311 852; x_wconf 79' lang='lat' dir='ltr'>princeps</span> <span class='ocrx_word' id='word_1_70' title='bbox 1337 806 1382 833; x_wconf 82' lang='lat' dir='ltr'>ex</span> <span class='ocrx_word' id='word_1_71' title='bbox 1411 789 1527 836; x_wconf 79' lang='lat' dir='ltr'>Juda</span> <span class='ocrx_word' id='word_1_72' title='bbox 1546 827 1556 846; x_wconf 89' lang='lat'>‚</span> <span class='ocrx_word' id='word_1_73' title='bbox 1587 799 1630 834; x_wconf 86' lang='lat' dir='ltr'>et</span> <span class='ocrx_word' id='word_1_74' title='bbox 1654 788 1740 835; x_wconf 83' lang='lat' dir='ltr'>dux</span> 
     </span>
     <span class='ocr_line' id='line_1_9' title="bbox 355 859 1738 923; baseline 0.001 -20"><span class='ocrx_word' id='word_1_75' title='bbox 355 883 375 903; x_wconf 88' lang='lat'>))</span> <span class='ocrx_word' id='word_1_76' title='bbox 399 860 451 907; x_wconf 89' lang='lat' dir='ltr'>de</span> <span class='ocrx_word' id='word_1_77' title='bbox 474 859 711 905; x_wconf 84' lang='lat' dir='ltr'>femoribus</span> <span class='ocrx_word' id='word_1_78' title='bbox 732 863 822 918; x_wconf 87' lang='lat' dir='ltr'>ejus</span> <span class='ocrx_word' id='word_1_79' title='bbox 839 897 849 913; x_wconf 78' lang='grc'><em>,</em></span> <span class='ocrx_word' id='word_1_80' title='bbox 871 859 1011 905; x_wconf 84' lang='lat' dir='ltr'>donec</span> <span class='ocrx_word' id='word_1_81' title='bbox 1031 859 1206 905; x_wconf 70' lang='lat' dir='ltr'>veniant</span> <span class='ocrx_word' id='word_1_82' title='bbox 1223 877 1324 923; x_wconf 65' lang='lat' dir='ltr'>quar</span> <span class='ocrx_word' id='word_1_83' title='bbox 1343 861 1532 923; x_wconf 84' lang='lat' dir='ltr'>reposita</span> <span class='ocrx_word' id='word_1_84' title='bbox 1551 870 1653 905; x_wconf 83' lang='lat' dir='ltr'>sunt</span> <span class='ocrx_word' id='word_1_85' title='bbox 1670 860 1707 906; x_wconf 87' lang='lat' dir='ltr'>ci</span> <span class='ocrx_word' id='word_1_86' title='bbox 1726 880 1738 914; x_wconf 89' lang='lat'>;</span> 
     </span>
     <span class='ocr_line' id='line_1_10' title="bbox 318 927 1737 994; baseline 0.001 -21"><span class='ocrx_word' id='word_1_87' title='bbox 318 927 321 929; x_wconf 40' lang='lat'>⁵</span> <span class='ocrx_word' id='word_1_88' title='bbox 357 953 378 973; x_wconf 83' lang='lat' dir='ltr'>›l</span> <span class='ocrx_word' id='word_1_89' title='bbox 404 941 445 976; x_wconf 85' lang='lat' dir='ltr'>et</span> <span class='ocrx_word' id='word_1_90' title='bbox 468 931 558 994; x_wconf 86' lang='lat' dir='ltr'>ipse</span> <span class='ocrx_word' id='word_1_91' title='bbox 576 930 814 993; x_wconf 72' lang='lat' dir='ltr'>expectatio</span> <span class='ocrx_word' id='word_1_92' title='bbox 833 929 1025 988; x_wconf 75' lang='lat' dir='ltr'>gentium</span> <span class='ocrx_word' id='word_1_93' title='bbox 1043 966 1054 985; x_wconf 78' lang='lat'>,</span> <span class='ocrx_word' id='word_1_94' title='bbox 1085 928 1263 989; x_wconf 82' lang='lat' dir='ltr'>alligans</span> <span class='ocrx_word' id='word_1_95' title='bbox 1288 929 1341 975; x_wconf 86' lang='lat' dir='ltr'>ad</span> <span class='ocrx_word' id='word_1_96' title='bbox 1368 931 1539 975; x_wconf 82' lang='lat' dir='ltr'>vineam</span> <span class='ocrx_word' id='word_1_97' title='bbox 1560 930 1737 993; x_wconf 86' lang='lat' dir='ltr'>pullum</span> 
     </span>
     <span class='ocr_line' id='line_1_11' title="bbox 358 999 1741 1062; baseline 0.002 -19"><span class='ocrx_word' id='word_1_98' title='bbox 358 1024 377 1043; x_wconf 86' lang='lat'>»</span> <span class='ocrx_word' id='word_1_99' title='bbox 402 1018 526 1047; x_wconf 88' lang='lat' dir='ltr'>suum</span> <span class='ocrx_word' id='word_1_100' title='bbox 548 1037 558 1056; x_wconf 84' lang='lat'><em>‚</em></span> <span class='ocrx_word' id='word_1_101' title='bbox 592 1011 633 1045; x_wconf 86' lang='lat' dir='ltr'>ct</span> <span class='ocrx_word' id='word_1_102' title='bbox 657 1000 800 1045; x_wconf 84' lang='lat' dir='ltr'>cilicio</span> <span class='ocrx_word' id='word_1_103' title='bbox 830 999 1005 1062; x_wconf 84' lang='lat' dir='ltr'>pullum</span> <span class='ocrx_word' id='word_1_104' title='bbox 1029 999 1160 1044; x_wconf 72' lang='lat' dir='ltr'>asinae</span> <span class='ocrx_word' id='word_1_105' title='bbox 1183 1017 1192 1043; x_wconf 76' lang='grc' dir='ltr'><em>τ</em></span> <span class='ocrx_word' id='word_1_106' title='bbox 1215 999 1381 1045; x_wconf 65' lang='lat' dir='ltr'>lavabit</span> <span class='ocrx_word' id='word_1_107' title='bbox 1399 1000 1443 1045; x_wconf 90' lang='lat' dir='ltr'>in</span> <span class='ocrx_word' id='word_1_108' title='bbox 1460 1000 1562 1046; x_wconf 67' lang='lat' dir='ltr'>vino</span> <span class='ocrx_word' id='word_1_109' title='bbox 1588 1001 1741 1046; x_wconf 84' lang='lat' dir='ltr'>stolam</span> 
     </span>
     <span class='ocr_line' id='line_1_12' title="bbox 356 1070 1741 1131; baseline 0.001 -17"><span class='ocrx_word' id='word_1_110' title='bbox 356 1096 376 1115; x_wconf 59' lang='lat'>³&gt;</span> <span class='ocrx_word' id='word_1_111' title='bbox 404 1089 548 1127; x_wconf 78' lang='lat' dir='ltr'>suam,</span> <span class='ocrx_word' id='word_1_112' title='bbox 571 1071 679 1116; x_wconf 88' lang='lat' dir='ltr'>etin</span> <span class='ocrx_word' id='word_1_113' title='bbox 708 1071 914 1130; x_wconf 79' lang='lat' dir='ltr'>sanguine</span> <span class='ocrx_word' id='word_1_114' title='bbox 940 1087 1037 1115; x_wconf 61' lang='lat' dir='ltr'>uva}</span> <span class='ocrx_word' id='word_1_115' title='bbox 1068 1071 1277 1115; x_wconf 80' lang='lat' dir='ltr'>amictum</span> <span class='ocrx_word' id='word_1_116' title='bbox 1320 1087 1447 1116; x_wconf 86' lang='lat' dir='ltr'>suum</span> <span class='ocrx_word' id='word_1_117' title='bbox 1483 1088 1493 1115; x_wconf 72' lang='grc' dir='ltr'>ε</span> <span class='ocrx_word' id='word_1_118' title='bbox 1527 1070 1741 1131; x_wconf 81' lang='lat' dir='ltr'>fulgentes</span> 
     </span>
     <span class='ocr_line' id='line_1_13' title="bbox 357 1139 1741 1201; baseline 0.001 -16"><span class='ocrx_word' id='word_1_119' title='bbox 357 1166 376 1185; x_wconf 83' lang='lat'>»</span> <span class='ocrx_word' id='word_1_120' title='bbox 402 1141 516 1188; x_wconf 81' lang='lat' dir='ltr'>oculi</span> <span class='ocrx_word' id='word_1_121' title='bbox 538 1145 628 1201; x_wconf 87' lang='lat' dir='ltr'>ejus</span> <span class='ocrx_word' id='word_1_122' title='bbox 654 1159 675 1186; x_wconf 84' lang='lat' dir='ltr'>a</span> <span class='ocrx_word' id='word_1_123' title='bbox 699 1140 801 1186; x_wconf 84' lang='lat' dir='ltr'>vino</span> <span class='ocrx_word' id='word_1_124' title='bbox 819 1178 829 1195; x_wconf 84' lang='lat'><strong>‚</strong></span> <span class='ocrx_word' id='word_1_125' title='bbox 858 1151 898 1185; x_wconf 85' lang='lat' dir='ltr'>et</span> <span class='ocrx_word' id='word_1_126' title='bbox 918 1140 1065 1186; x_wconf 83' lang='lat' dir='ltr'>dentes</span> <span class='ocrx_word' id='word_1_127' title='bbox 1089 1140 1365 1186; x_wconf 80' lang='lat' dir='ltr'>candidiores</span> <span class='ocrx_word' id='word_1_128' title='bbox 1386 1141 1544 1187; x_wconf 73' lang='lat' dir='ltr'>lacte‘2.</span> <span class='ocrx_word' id='word_1_129' title='bbox 1568 1162 1586 1182; x_wconf 74' lang='lat'>&gt;2</span> <span class='ocrx_word' id='word_1_130' title='bbox 1622 1139 1741 1186; x_wconf 82' lang='lat' dir='ltr'>Falsa</span> 
     </span>
     <span class='ocr_line' id='line_1_14' title="bbox 355 1210 1742 1263; baseline -0.001 -5"><span class='ocrx_word' id='word_1_131' title='bbox 355 1214 439 1259; x_wconf 82' lang='lat' dir='ltr'>sint</span> <span class='ocrx_word' id='word_1_132' title='bbox 462 1213 539 1257; x_wconf 86' lang='lat' dir='ltr'>ista</span> <span class='ocrx_word' id='word_1_133' title='bbox 563 1249 572 1263; x_wconf 77' lang='grc'>,</span> <span class='ocrx_word' id='word_1_134' title='bbox 605 1211 791 1256; x_wconf 85' lang='lat' dir='ltr'>obscura</span> <span class='ocrx_word' id='word_1_135' title='bbox 817 1211 900 1256; x_wconf 89' lang='lat' dir='ltr'>sint</span> <span class='ocrx_word' id='word_1_136' title='bbox 926 1212 1033 1259; x_wconf 82' lang='lat' dir='ltr'>ista.</span> <span class='ocrx_word' id='word_1_137' title='bbox 1063 1212 1096 1256; x_wconf 85' lang='lat' dir='ltr'>si</span> <span class='ocrx_word' id='word_1_138' title='bbox 1115 1229 1202 1256; x_wconf 90' lang='lat' dir='ltr'>non</span> <span class='ocrx_word' id='word_1_139' title='bbox 1221 1211 1265 1256; x_wconf 90' lang='lat' dir='ltr'>in</span> <span class='ocrx_word' id='word_1_140' title='bbox 1293 1211 1470 1257; x_wconf 79' lang='lat' dir='ltr'>Christo</span> <span class='ocrx_word' id='word_1_141' title='bbox 1501 1210 1742 1257; x_wconf 75' lang='lat' dir='ltr'>evidentis-</span> 
     </span>
     <span class='ocr_line' id='line_1_15' title="bbox 353 1282 1739 1341; baseline -0.001 -11"><span class='ocrx_word' id='word_1_142' title='bbox 353 1285 459 1330; x_wconf 83' lang='lat' dir='ltr'>sima</span> <span class='ocrx_word' id='word_1_143' title='bbox 481 1282 577 1328; x_wconf 59' lang='lat' dir='ltr'>lure</span> <span class='ocrx_word' id='word_1_144' title='bbox 601 1282 876 1335; x_wconf 80' lang='lat' dir='ltr'>claruerunt3</span> <span class='ocrx_word' id='word_1_145' title='bbox 914 1282 946 1327; x_wconf 90' lang='lat' dir='ltr'>si</span> <span class='ocrx_word' id='word_1_146' title='bbox 981 1299 1070 1326; x_wconf 85' lang='lat' dir='ltr'>non</span> <span class='ocrx_word' id='word_1_147' title='bbox 1108 1299 1205 1326; x_wconf 90' lang='lat' dir='ltr'>eum</span> <span class='ocrx_word' id='word_1_148' title='bbox 1246 1282 1430 1327; x_wconf 74' lang='lat' dir='ltr'>laudant</span> <span class='ocrx_word' id='word_1_149' title='bbox 1466 1282 1616 1327; x_wconf 84' lang='lat' dir='ltr'>fratres</span> <span class='ocrx_word' id='word_1_150' title='bbox 1647 1285 1739 1341; x_wconf 77' lang='lat' dir='ltr'>eJus</span> 
     </span>
     <span class='ocr_line' id='line_1_16' title="bbox 356 1351 1739 1420; baseline -0.003 -19"><span class='ocrx_word' id='word_1_151' title='bbox 356 1353 551 1420; x_wconf 81' lang='lat' dir='ltr'>Apostoli</span> <span class='ocrx_word' id='word_1_152' title='bbox 574 1391 583 1409; x_wconf 80' lang='lat'>‚</span> <span class='ocrx_word' id='word_1_153' title='bbox 619 1363 661 1398; x_wconf 87' lang='lat' dir='ltr'>et</span> <span class='ocrx_word' id='word_1_154' title='bbox 687 1369 835 1397; x_wconf 80' lang='lat' dir='ltr'>omnes</span> <span class='ocrx_word' id='word_1_155' title='bbox 860 1351 1112 1398; x_wconf 82' lang='lat' dir='ltr'>cohaeredes</span> <span class='ocrx_word' id='word_1_156' title='bbox 1139 1356 1230 1412; x_wconf 83' lang='lat' dir='ltr'>ejus</span> <span class='ocrx_word' id='word_1_157' title='bbox 1249 1390 1259 1408; x_wconf 79' lang='lat'><strong>‚</strong></span> <span class='ocrx_word' id='word_1_158' title='bbox 1294 1370 1383 1397; x_wconf 85' lang='lat' dir='ltr'>non</span> <span class='ocrx_word' id='word_1_159' title='bbox 1408 1369 1529 1398; x_wconf 89' lang='lat' dir='ltr'>suam</span> <span class='ocrx_word' id='word_1_160' title='bbox 1555 1352 1739 1413; x_wconf 80' lang='lat' dir='ltr'>gloriam</span> 
     </span>
     <span class='ocr_line' id='line_1_17' title="bbox 356 1422 1741 1490; baseline -0.003 -18"><span class='ocrx_word' id='word_1_161' title='bbox 356 1435 615 1490; x_wconf 58' lang='lat' dir='ltr'>quaerentes,</span> <span class='ocrx_word' id='word_1_162' title='bbox 641 1422 711 1468; x_wconf 88' lang='lat' dir='ltr'>sed</span> <span class='ocrx_word' id='word_1_163' title='bbox 730 1423 867 1487; x_wconf 80' lang='lat' dir='ltr'>ipsius</span> <span class='ocrx_word' id='word_1_164' title='bbox 886 1423 945 1468; x_wconf 85' lang='lat' dir='ltr'>:si</span> <span class='ocrx_word' id='word_1_165' title='bbox 964 1440 1054 1468; x_wconf 87' lang='lat' dir='ltr'>non</span> <span class='ocrx_word' id='word_1_166' title='bbox 1073 1433 1173 1469; x_wconf 87' lang='lat' dir='ltr'>sunt</span> <span class='ocrx_word' id='word_1_167' title='bbox 1194 1440 1348 1468; x_wconf 87' lang='lat' dir='ltr'>manus</span> <span class='ocrx_word' id='word_1_168' title='bbox 1365 1427 1456 1483; x_wconf 86' lang='lat' dir='ltr'>ejus</span> <span class='ocrx_word' id='word_1_169' title='bbox 1470 1440 1600 1487; x_wconf 84' lang='lat' dir='ltr'>super</span> <span class='ocrx_word' id='word_1_170' title='bbox 1615 1423 1741 1469; x_wconf 82' lang='lat' dir='ltr'>dorsa</span> 
     </span>
     <span class='ocr_line' id='line_1_18' title="bbox 358 1492 1741 1557; baseline -0.002 -15"><span class='ocrx_word' id='word_1_171' title='bbox 358 1496 634 1542; x_wconf 84' lang='lat' dir='ltr'>inimicorum</span> <span class='ocrx_word' id='word_1_172' title='bbox 662 1497 781 1554; x_wconf 81' lang='lat' dir='ltr'>ejus3</span> <span class='ocrx_word' id='word_1_173' title='bbox 815 1493 847 1538; x_wconf 93' lang='lat' dir='ltr'>si</span> <span class='ocrx_word' id='word_1_174' title='bbox 883 1510 973 1538; x_wconf 85' lang='lat' dir='ltr'>non</span> <span class='ocrx_word' id='word_1_175' title='bbox 1009 1492 1321 1557; x_wconf 86' lang='lat' dir='ltr'>deprimuntur</span> <span class='ocrx_word' id='word_1_176' title='bbox 1347 1503 1477 1557; x_wconf 88' lang='lat' dir='ltr'>atque</span> <span class='ocrx_word' id='word_1_177' title='bbox 1499 1503 1741 1540; x_wconf 73' lang='lat' dir='ltr'>curvantur</span> 
     </span>
     <span class='ocr_line' id='line_1_19' title="bbox 359 1563 1741 1628; baseline -0.003 -15"><span class='ocrx_word' id='word_1_178' title='bbox 359 1567 411 1613; x_wconf 85' lang='lat' dir='ltr'>ad</span> <span class='ocrx_word' id='word_1_179' title='bbox 437 1577 594 1612; x_wconf 84' lang='lat' dir='ltr'>terram</span> <span class='ocrx_word' id='word_1_180' title='bbox 609 1603 619 1620; x_wconf 85' lang='lat'><strong><em>‚</em></strong></span> <span class='ocrx_word' id='word_1_181' title='bbox 647 1564 943 1610; x_wconf 77' lang='lat' dir='ltr'>crescentibus</span> <span class='ocrx_word' id='word_1_182' title='bbox 963 1563 1144 1628; x_wconf 85' lang='lat' dir='ltr'>populis</span> <span class='ocrx_word' id='word_1_183' title='bbox 1164 1563 1437 1620; x_wconf 80' lang='lat' dir='ltr'>christianis,</span> <span class='ocrx_word' id='word_1_184' title='bbox 1472 1565 1741 1628; x_wconf 83' lang='lat' dir='ltr'>quicumque</span> 
     </span>
     <span class='ocr_line' id='line_1_20' title="bbox 357 1634 1741 1686; baseline -0.004 -1"><span class='ocrx_word' id='word_1_185' title='bbox 357 1639 421 1686; x_wconf 89' lang='lat' dir='ltr'>illi</span> <span class='ocrx_word' id='word_1_186' title='bbox 440 1637 587 1684; x_wconf 89' lang='lat' dir='ltr'>adhuc</span> <span class='ocrx_word' id='word_1_187' title='bbox 611 1635 896 1682; x_wconf 77' lang='lat' dir='ltr'>adversantur</span> <span class='ocrx_word' id='word_1_188' title='bbox 920 1653 930 1680; x_wconf 91' lang='lat'>:</span> <span class='ocrx_word' id='word_1_189' title='bbox 959 1635 991 1680; x_wconf 91' lang='lat' dir='ltr'>si</span> <span class='ocrx_word' id='word_1_190' title='bbox 1016 1652 1103 1680; x_wconf 88' lang='lat' dir='ltr'>non</span> <span class='ocrx_word' id='word_1_191' title='bbox 1128 1652 1228 1681; x_wconf 89' lang='lat' dir='ltr'>eum</span> <span class='ocrx_word' id='word_1_192' title='bbox 1251 1635 1542 1682; x_wconf 78' lang='lat' dir='ltr'>adoraverunt</span> <span class='ocrx_word' id='word_1_193' title='bbox 1564 1634 1643 1681; x_wconf 89' lang='lat' dir='ltr'>filii</span> <span class='ocrx_word' id='word_1_194' title='bbox 1662 1635 1741 1679; x_wconf 85' lang='lat' dir='ltr'>Ja—</span> 
     </span>
     <span class='ocr_line' id='line_1_21' title="bbox 359 1706 1741 1772; baseline -0.005 -15"><span class='ocrx_word' id='word_1_195' title='bbox 359 1710 444 1757; x_wconf 87' lang='lat' dir='ltr'>cob</span> <span class='ocrx_word' id='word_1_196' title='bbox 466 1710 508 1755; x_wconf 89' lang='lat' dir='ltr'>in</span> <span class='ocrx_word' id='word_1_197' title='bbox 532 1707 723 1772; x_wconf 83' lang='lat' dir='ltr'>reliquiis</span> <span class='ocrx_word' id='word_1_198' title='bbox 741 1744 751 1761; x_wconf 84' lang='lat'>‚</span> <span class='ocrx_word' id='word_1_199' title='bbox 781 1723 880 1770; x_wconf 80' lang='lat' dir='ltr'>quae</span> <span class='ocrx_word' id='word_1_200' title='bbox 906 1723 984 1770; x_wconf 87' lang='lat' dir='ltr'>per</span> <span class='ocrx_word' id='word_1_201' title='bbox 1008 1706 1264 1753; x_wconf 85' lang='lat' dir='ltr'>electionem</span> <span class='ocrx_word' id='word_1_202' title='bbox 1288 1707 1437 1768; x_wconf 78' lang='lat' dir='ltr'>gratiae</span> <span class='ocrx_word' id='word_1_203' title='bbox 1462 1706 1590 1753; x_wconf 79' lang='lat' dir='ltr'>salvae</span> <span class='ocrx_word' id='word_1_204' title='bbox 1613 1706 1741 1752; x_wconf 83' lang='lat' dir='ltr'>faetae</span> 
     </span>
     <span class='ocr_line' id='line_1_22' title="bbox 358 1775 1740 1842; baseline -0.004 -15"><span class='ocrx_word' id='word_1_205' title='bbox 358 1790 457 1827; x_wconf 88' lang='lat' dir='ltr'>sunt</span> <span class='ocrx_word' id='word_1_206' title='bbox 484 1799 494 1826; x_wconf 74' lang='grc' dir='ltr'>ε</span> <span class='ocrx_word' id='word_1_207' title='bbox 517 1780 550 1825; x_wconf 90' lang='lat' dir='ltr'>si</span> <span class='ocrx_word' id='word_1_208' title='bbox 580 1795 667 1824; x_wconf 87' lang='lat' dir='ltr'>non</span> <span class='ocrx_word' id='word_1_209' title='bbox 690 1778 782 1842; x_wconf 86' lang='lat' dir='ltr'>ipse</span> <span class='ocrx_word' id='word_1_210' title='bbox 810 1777 982 1823; x_wconf 85' lang='lat' dir='ltr'>catulus</span> <span class='ocrx_word' id='word_1_211' title='bbox 1005 1788 1068 1822; x_wconf 89' lang='lat' dir='ltr'>est</span> <span class='ocrx_word' id='word_1_212' title='bbox 1094 1776 1230 1823; x_wconf 87' lang='lat' dir='ltr'>leonis</span> <span class='ocrx_word' id='word_1_213' title='bbox 1254 1816 1264 1831; x_wconf 75' lang='lat'>‚</span> <span class='ocrx_word' id='word_1_214' title='bbox 1290 1777 1499 1842; x_wconf 87' lang='lat' dir='ltr'>quoniam</span> <span class='ocrx_word' id='word_1_215' title='bbox 1521 1775 1740 1823; x_wconf 80' lang='lat' dir='ltr'>nascendo</span> 
     </span>
     <span class='ocr_line' id='line_1_23' title="bbox 356 1845 1740 1916; baseline -0.005 -18"><span class='ocrx_word' id='word_1_216' title='bbox 356 1851 563 1916; x_wconf 75' lang='lat' dir='ltr'>parvulus</span> <span class='ocrx_word' id='word_1_217' title='bbox 587 1849 726 1895; x_wconf 86' lang='lat' dir='ltr'>factus</span> <span class='ocrx_word' id='word_1_218' title='bbox 745 1858 822 1904; x_wconf 80' lang='lat' dir='ltr'>est,</span> <span class='ocrx_word' id='word_1_219' title='bbox 839 1857 1022 1912; x_wconf 84' lang='lat' dir='ltr'>propter</span> <span class='ocrx_word' id='word_1_220' title='bbox 1044 1848 1131 1894; x_wconf 85' lang='lat' dir='ltr'>hoc</span> <span class='ocrx_word' id='word_1_221' title='bbox 1152 1847 1382 1894; x_wconf 81' lang='lat' dir='ltr'>additum«</span> <span class='ocrx_word' id='word_1_222' title='bbox 1409 1865 1419 1893; x_wconf 77' lang='grc' dir='ltr'><strong><em>ε</em></strong></span> <span class='ocrx_word' id='word_1_223' title='bbox 1440 1848 1504 1893; x_wconf 87' lang='lat' dir='ltr'>De</span> <span class='ocrx_word' id='word_1_224' title='bbox 1525 1845 1740 1908; x_wconf 83' lang='lat' dir='ltr'>germina-</span> 
     </span>
     <span class='ocr_line' id='line_1_24' title="bbox 357 1916 1735 1983; baseline -0.005 -15"><span class='ocrx_word' id='word_1_225' title='bbox 357 1924 504 1968; x_wconf 80' lang='lat' dir='ltr'>»tione</span> <span class='ocrx_word' id='word_1_226' title='bbox 522 1920 634 1967; x_wconf 85' lang='lat' dir='ltr'>filius</span> <span class='ocrx_word' id='word_1_227' title='bbox 648 1935 782 1965; x_wconf 88' lang='lat' dir='ltr'>meus.</span> <span class='ocrx_word' id='word_1_228' title='bbox 794 1920 959 1965; x_wconf 85' lang='lat' dir='ltr'>»Causa</span> <span class='ocrx_word' id='word_1_229' title='bbox 973 1918 1139 1983; x_wconf 84' lang='lat' dir='ltr'>quippe</span> <span class='ocrx_word' id='word_1_230' title='bbox 1148 1917 1317 1964; x_wconf 85' lang='lat' dir='ltr'>reddita</span> <span class='ocrx_word' id='word_1_231' title='bbox 1330 1928 1391 1963; x_wconf 87' lang='lat' dir='ltr'>est</span> <span class='ocrx_word' id='word_1_232' title='bbox 1402 1934 1458 1981; x_wconf 88' lang='lat' dir='ltr'>qu</span> <span class='ocrx_word' id='word_1_233' title='bbox 1467 1935 1534 1964; x_wconf 85' lang='lat' dir='ltr'>are</span> <span class='ocrx_word' id='word_1_234' title='bbox 1546 1916 1735 1973; x_wconf 87' lang='lat' dir='ltr'>catulus,</span> 
     </span>
     <span class='ocr_line' id='line_1_25' title="bbox 354 1987 1740 2055; baseline -0.005 -15"><span class='ocrx_word' id='word_1_235' title='bbox 354 1995 398 2041; x_wconf 90' lang='lat' dir='ltr'>in</span> <span class='ocrx_word' id='word_1_236' title='bbox 418 1998 541 2055; x_wconf 81' lang='lat' dir='ltr'>eujus</span> <span class='ocrx_word' id='word_1_237' title='bbox 557 1991 683 2037; x_wconf 88' lang='lat' dir='ltr'>laude</span> <span class='ocrx_word' id='word_1_238' title='bbox 703 1990 808 2035; x_wconf 85' lang='lat' dir='ltr'>alibi</span> <span class='ocrx_word' id='word_1_239' title='bbox 827 1990 1041 2054; x_wconf 84' lang='lat' dir='ltr'>scriptum</span> <span class='ocrx_word' id='word_1_240' title='bbox 1060 2001 1122 2035; x_wconf 87' lang='lat' dir='ltr'>est</span> <span class='ocrx_word' id='word_1_241' title='bbox 1146 2007 1157 2034; x_wconf 77' lang='lat' dir='ltr'>t</span> <span class='ocrx_word' id='word_1_242' title='bbox 1186 1989 1403 2035; x_wconf 85' lang='lat' dir='ltr'>«Catulus</span> <span class='ocrx_word' id='word_1_243' title='bbox 1426 1988 1563 2034; x_wconf 88' lang='lat' dir='ltr'>leonis</span> <span class='ocrx_word' id='word_1_244' title='bbox 1585 1987 1740 2034; x_wconf 87' lang='lat' dir='ltr'>fortior</span> 
     </span>
     <span class='ocr_line' id='line_1_26' title="bbox 356 2059 1734 2126; baseline -0.004 -17"><span class='ocrx_word' id='word_1_245' title='bbox 356 2089 375 2109; x_wconf 83' lang='lat'>»</span> <span class='ocrx_word' id='word_1_246' title='bbox 396 2061 648 2126; x_wconf 77' lang='lat' dir='ltr'>jumentis3‚</span> <span class='ocrx_word' id='word_1_247' title='bbox 665 2083 684 2103; x_wconf 64' lang='lat'>&gt;³</span> <span class='ocrx_word' id='word_1_248' title='bbox 700 2061 789 2106; x_wconf 87' lang='lat' dir='ltr'>hoc</span> <span class='ocrx_word' id='word_1_249' title='bbox 809 2075 893 2117; x_wconf 80' lang='lat' dir='ltr'>est,</span> <span class='ocrx_word' id='word_1_250' title='bbox 909 2061 1037 2106; x_wconf 87' lang='lat' dir='ltr'>etiam</span> <span class='ocrx_word' id='word_1_251' title='bbox 1055 2059 1267 2125; x_wconf 75' lang='lat' dir='ltr'>parvulus</span> <span class='ocrx_word' id='word_1_252' title='bbox 1286 2059 1439 2105; x_wconf 86' lang='lat' dir='ltr'>fortior</span> <span class='ocrx_word' id='word_1_253' title='bbox 1461 2059 1703 2120; x_wconf 85' lang='lat' dir='ltr'>majoribus</span> <span class='ocrx_word' id='word_1_254' title='bbox 1723 2075 1734 2103; x_wconf 90' lang='lat'>:</span> 
     </span>
     <span class='ocr_line' id='line_1_27' title="bbox 355 2129 1737 2194; baseline -0.005 -12"><span class='ocrx_word' id='word_1_255' title='bbox 355 2137 387 2183; x_wconf 84' lang='lat' dir='ltr'>si</span> <span class='ocrx_word' id='word_1_256' title='bbox 408 2153 495 2181; x_wconf 86' lang='lat' dir='ltr'>non</span> <span class='ocrx_word' id='word_1_257' title='bbox 517 2133 711 2181; x_wconf 83' lang='lat' dir='ltr'>ascendit</span> <span class='ocrx_word' id='word_1_258' title='bbox 730 2133 774 2178; x_wconf 91' lang='lat' dir='ltr'>in</span> <span class='ocrx_word' id='word_1_259' title='bbox 793 2148 923 2178; x_wconf 87' lang='lat' dir='ltr'>cruce</span> <span class='ocrx_word' id='word_1_260' title='bbox 947 2132 1224 2187; x_wconf 54' lang='lat' dir='ltr'>recumbens3</span> <span class='ocrx_word' id='word_1_261' title='bbox 1243 2149 1343 2177; x_wconf 90' lang='lat' dir='ltr'>cum</span> <span class='ocrx_word' id='word_1_262' title='bbox 1364 2130 1574 2177; x_wconf 84' lang='lat' dir='ltr'>inclinato</span> <span class='ocrx_word' id='word_1_263' title='bbox 1592 2129 1737 2194; x_wconf 85' lang='lat' dir='ltr'>eapite</span> 
     </span>
     <span class='ocr_line' id='line_1_28' title="bbox 356 2201 1739 2269; baseline -0.005 -16"><span class='ocrx_word' id='word_1_264' title='bbox 356 2206 549 2253; x_wconf 80' lang='lat' dir='ltr'>reddidit</span> <span class='ocrx_word' id='word_1_265' title='bbox 581 2204 784 2269; x_wconf 84' lang='lat' dir='ltr'>spiritum</span> <span class='ocrx_word' id='word_1_266' title='bbox 818 2221 829 2248; x_wconf 90' lang='lat'><strong>:</strong></span> <span class='ocrx_word' id='word_1_267' title='bbox 868 2203 901 2249; x_wconf 89' lang='lat' dir='ltr'>si</span> <span class='ocrx_word' id='word_1_268' title='bbox 930 2221 1018 2250; x_wconf 89' lang='lat' dir='ltr'>non</span> <span class='ocrx_word' id='word_1_269' title='bbox 1043 2203 1251 2250; x_wconf 83' lang='lat' dir='ltr'>dormivit</span> <span class='ocrx_word' id='word_1_270' title='bbox 1275 2212 1323 2247; x_wconf 88' lang='lat' dir='ltr'>ut</span> <span class='ocrx_word' id='word_1_271' title='bbox 1348 2201 1415 2248; x_wconf 91' lang='lat' dir='ltr'>leo</span> <span class='ocrx_word' id='word_1_272' title='bbox 1440 2239 1451 2258; x_wconf 85' lang='lat'>‚</span> <span class='ocrx_word' id='word_1_273' title='bbox 1489 2201 1592 2266; x_wconf 86' lang='lat' dir='ltr'>quia</span> <span class='ocrx_word' id='word_1_274' title='bbox 1621 2211 1663 2247; x_wconf 87' lang='lat' dir='ltr'>et</span> <span class='ocrx_word' id='word_1_275' title='bbox 1693 2201 1739 2246; x_wconf 88' lang='lat' dir='ltr'>in</span> 
     </span>
     <span class='ocr_line' id='line_1_29' title="bbox 356 2271 1740 2342; baseline -0.005 -18"><span class='ocrx_word' id='word_1_276' title='bbox 356 2280 449 2342; x_wconf 79' lang='lat' dir='ltr'>ipsa</span> <span class='ocrx_word' id='word_1_277' title='bbox 473 2287 611 2323; x_wconf 86' lang='lat' dir='ltr'>morte</span> <span class='ocrx_word' id='word_1_278' title='bbox 629 2292 717 2321; x_wconf 86' lang='lat' dir='ltr'>non</span> <span class='ocrx_word' id='word_1_279' title='bbox 741 2285 802 2320; x_wconf 87' lang='lat' dir='ltr'>est</span> <span class='ocrx_word' id='word_1_280' title='bbox 826 2274 968 2321; x_wconf 86' lang='lat' dir='ltr'>victus</span> <span class='ocrx_word' id='word_1_281' title='bbox 987 2313 997 2332; x_wconf 85' lang='grc'>,</span> <span class='ocrx_word' id='word_1_282' title='bbox 1031 2273 1104 2322; x_wconf 89' lang='lat' dir='ltr'>sed</span> <span class='ocrx_word' id='word_1_283' title='bbox 1131 2274 1264 2328; x_wconf 82' lang='lat' dir='ltr'>vicit3</span> <span class='ocrx_word' id='word_1_284' title='bbox 1301 2283 1344 2319; x_wconf 83' lang='lat' dir='ltr'>et</span> <span class='ocrx_word' id='word_1_285' title='bbox 1373 2281 1423 2319; x_wconf 83' lang='lat' dir='ltr'>ut</span> <span class='ocrx_word' id='word_1_286' title='bbox 1443 2271 1611 2318; x_wconf 83' lang='lat' dir='ltr'>catulus</span> <span class='ocrx_word' id='word_1_287' title='bbox 1644 2271 1740 2318; x_wconf 92' lang='lat' dir='ltr'>leo-</span> 
     </span>
     <span class='ocr_line' id='line_1_30' title="bbox 359 2343 1740 2406; baseline -0.005 -10"><span class='ocrx_word' id='word_1_288' title='bbox 359 2351 423 2396; x_wconf 89' lang='lat' dir='ltr'>nis</span> <span class='ocrx_word' id='word_1_289' title='bbox 443 2348 577 2406; x_wconf 53' lang='lat' dir='ltr'>finde</span> <span class='ocrx_word' id='word_1_290' title='bbox 600 2347 714 2393; x_wconf 86' lang='lat' dir='ltr'>enim</span> <span class='ocrx_word' id='word_1_291' title='bbox 741 2357 938 2394; x_wconf 90' lang='lat' dir='ltr'>mortuus</span> <span class='ocrx_word' id='word_1_292' title='bbox 964 2346 1079 2394; x_wconf 84' lang='lat' dir='ltr'>unde</span> <span class='ocrx_word' id='word_1_293' title='bbox 1104 2357 1145 2392; x_wconf 86' lang='lat' dir='ltr'>et</span> <span class='ocrx_word' id='word_1_294' title='bbox 1170 2357 1296 2392; x_wconf 79' lang='lat' dir='ltr'>natus</span> <span class='ocrx_word' id='word_1_295' title='bbox 1311 2344 1326 2374; x_wconf 63' lang='lat'>4</span> <span class='ocrx_word' id='word_1_296' title='bbox 1359 2362 1370 2389; x_wconf 89' lang='lat'>:</span> <span class='ocrx_word' id='word_1_297' title='bbox 1392 2344 1426 2391; x_wconf 91' lang='lat' dir='ltr'>si</span> <span class='ocrx_word' id='word_1_298' title='bbox 1443 2362 1531 2390; x_wconf 89' lang='lat' dir='ltr'>non</span> <span class='ocrx_word' id='word_1_299' title='bbox 1550 2343 1620 2390; x_wconf 88' lang='lat' dir='ltr'>ille</span> <span class='ocrx_word' id='word_1_300' title='bbox 1639 2361 1740 2389; x_wconf 86' lang='lat' dir='ltr'>eum</span> 
     </span>
     <span class='ocr_line' id='line_1_31' title="bbox 357 2413 1740 2483; baseline -0.005 -16"><span class='ocrx_word' id='word_1_301' title='bbox 357 2419 579 2467; x_wconf 86' lang='lat' dir='ltr'>suscitavit</span> <span class='ocrx_word' id='word_1_302' title='bbox 597 2437 619 2465; x_wconf 88' lang='lat' dir='ltr'>a</span> <span class='ocrx_word' id='word_1_303' title='bbox 638 2417 819 2464; x_wconf 87' lang='lat' dir='ltr'>mortuis</span> <span class='ocrx_word' id='word_1_304' title='bbox 838 2455 849 2474; x_wconf 91' lang='lat'>‚</span> <span class='ocrx_word' id='word_1_305' title='bbox 870 2435 999 2483; x_wconf 86' lang='lat' dir='ltr'>quem</span> <span class='ocrx_word' id='word_1_306' title='bbox 1020 2435 1147 2464; x_wconf 85' lang='lat' dir='ltr'>nemo</span> <span class='ocrx_word' id='word_1_307' title='bbox 1169 2415 1400 2463; x_wconf 87' lang='lat' dir='ltr'>hominum</span> <span class='ocrx_word' id='word_1_308' title='bbox 1423 2414 1559 2471; x_wconf 80' lang='lat' dir='ltr'>vidit,</span> <span class='ocrx_word' id='word_1_309' title='bbox 1580 2431 1659 2460; x_wconf 88' lang='lat' dir='ltr'>nec</span> <span class='ocrx_word' id='word_1_310' title='bbox 1675 2413 1740 2463; x_wconf 86' lang='lat' dir='ltr'>Vi-</span> 
     </span>
     <span class='ocr_line' id='line_1_32' title="bbox 359 2483 1740 2556; baseline -0.004 -20"><span class='ocrx_word' id='word_1_311' title='bbox 359 2490 459 2537; x_wconf 85' lang='lat' dir='ltr'>dere</span> <span class='ocrx_word' id='word_1_312' title='bbox 483 2500 626 2556; x_wconf 84' lang='lat' dir='ltr'>potest</span> <span class='ocrx_word' id='word_1_313' title='bbox 640 2489 673 2536; x_wconf 82' lang='lat'>5.</span> <span class='ocrx_word' id='word_1_314' title='bbox 702 2489 766 2535; x_wconf 84' lang='lat' dir='ltr'>Eo</span> <span class='ocrx_word' id='word_1_315' title='bbox 785 2488 899 2535; x_wconf 87' lang='lat' dir='ltr'>enim</span> <span class='ocrx_word' id='word_1_316' title='bbox 928 2488 1048 2553; x_wconf 86' lang='lat' dir='ltr'>quod</span> <span class='ocrx_word' id='word_1_317' title='bbox 1073 2488 1242 2535; x_wconf 86' lang='lat' dir='ltr'>dietum</span> <span class='ocrx_word' id='word_1_318' title='bbox 1260 2497 1322 2533; x_wconf 86' lang='lat' dir='ltr'>est</span> <span class='ocrx_word' id='word_1_319' title='bbox 1348 2503 1360 2532; x_wconf 76' lang='lat' dir='ltr'>t</span> <span class='ocrx_word' id='word_1_320' title='bbox 1384 2485 1530 2544; x_wconf 80' lang='lat' dir='ltr'>«Quis</span> <span class='ocrx_word' id='word_1_321' title='bbox 1553 2483 1740 2531; x_wconf 84' lang='lat' dir='ltr'>suscita-</span> 
     </span>
    </p>
   </div>
   <div class='ocr_carea' id='block_1_3' title="bbox 356 2575 1738 2675">
    <p class='ocr_par' dir='ltr' id='par_1_3' title="bbox 356 2575 1738 2675">
     <span class='ocr_line' id='line_1_33' title="bbox 404 2575 1738 2627; baseline -0.01 -8"><span class='ocrx_word' id='word_1_322' title='bbox 404 2584 415 2606; x_wconf 88' lang='lat'><strong>¹</strong></span> <span class='ocrx_word' id='word_1_323' title='bbox 433 2588 530 2616; x_wconf 83' lang='lat' dir='ltr'>Rom.</span> <span class='ocrx_word' id='word_1_324' title='bbox 547 2594 570 2627; x_wconf 87' lang='lat'>¹,</span> <span class='ocrx_word' id='word_1_325' title='bbox 592 2585 624 2617; x_wconf 80' lang='lat'>3.</span> <span class='ocrx_word' id='word_1_326' title='bbox 639 2598 685 2607; x_wconf 92' lang='lat'>·-</span> <span class='ocrx_word' id='word_1_327' title='bbox 699 2579 716 2604; x_wconf 81' lang='lat'>²</span> <span class='ocrx_word' id='word_1_328' title='bbox 737 2582 823 2617; x_wconf 82' lang='lat' dir='ltr'>Gen.</span> <span class='ocrx_word' id='word_1_329' title='bbox 843 2592 936 2626; x_wconf 66' lang='lat' dir='ltr'>mxx,</span> <span class='ocrx_word' id='word_1_330' title='bbox 958 2581 1056 2617; x_wconf 84' lang='lat'>8-12.</span> <span class='ocrx_word' id='word_1_331' title='bbox 1071 2598 1118 2607; x_wconf 87' lang='lat'>--</span> <span class='ocrx_word' id='word_1_332' title='bbox 1134 2577 1149 2606; x_wconf 82' lang='grc'>3</span> <span class='ocrx_word' id='word_1_333' title='bbox 1164 2582 1260 2615; x_wconf 85' lang='lat' dir='ltr'>Prov.</span> <span class='ocrx_word' id='word_1_334' title='bbox 1280 2589 1359 2615; x_wconf 80' lang='lat' dir='ltr'>xxx.</span> <span class='ocrx_word' id='word_1_335' title='bbox 1375 2596 1419 2604; x_wconf 91' lang='lat'>—</span> <span class='ocrx_word' id='word_1_336' title='bbox 1434 2575 1450 2602; x_wconf 74' lang='lat'>4</span> <span class='ocrx_word' id='word_1_337' title='bbox 1473 2588 1486 2609; x_wconf 90' lang='lat'>1</span> <span class='ocrx_word' id='word_1_338' title='bbox 1503 2575 1592 2611; x_wconf 90' lang='lat' dir='ltr'>Tim.</span> <span class='ocrx_word' id='word_1_339' title='bbox 1610 2585 1658 2617; x_wconf 79' lang='lat' dir='ltr'>v1,</span> <span class='ocrx_word' id='word_1_340' title='bbox 1682 2576 1738 2611; x_wconf 79' lang='lat'>16,</span> 
     </span>
     <span class='ocr_line' id='line_1_34' title="bbox 356 2634 669 2675; baseline -0.003 -3"><span class='ocrx_word' id='word_1_341' title='bbox 356 2654 402 2662; x_wconf 84' lang='grc'>·-</span> <span class='ocrx_word' id='word_1_342' title='bbox 418 2634 432 2662; x_wconf 82' lang='lat'><strong>⁵</strong></span> <span class='ocrx_word' id='word_1_343' title='bbox 449 2639 546 2672; x_wconf 82' lang='lat' dir='ltr'>Joan.</span> <span class='ocrx_word' id='word_1_344' title='bbox 569 2647 592 2675; x_wconf 90' lang='lat'>1,</span> <span class='ocrx_word' id='word_1_345' title='bbox 612 2637 669 2671; x_wconf 84' lang='lat'>18.</span> 
     </span>
    </p>
   </div>
  </div>
 </body>
</html>
