1795 3253
338 304 393 336 DE
430 304 661 337 UTILITATE
698 302 939 344 CREDENDI,
980 303 1065 334 ΗΒ.
1109 304 1139 335 1.
1379 305 1437 352 29

65 384 151 419 tam
172 387 318 417 sereno
339 371 510 432 ingenio
536 369 809 436 praeditfnon
834 380 933 415 sunt
949 407 959 423 ‚
984 368 1225 429 negandam
1264 370 1438 430 religio-

64 459 161 489 nem
186 445 341 505 putas?
372 443 437 487 An
455 459 525 487 eos
543 440 807 505 pedetentim
843 439 1106 502 quibusdam
1146 440 1352 500 gradihus
1382 440 1437 486 ad

62 511 135 559 illa
158 530 325 558 summa
357 511 592 575 penetralia
626 529 711 556 esse
735 509 986 556 ducendos?
1017 511 1051 555 V
1055 509 1146 555 ides
1173 510 1302 573 plane
1328 511 1436 574 quid

64 582 116 628 sit
136 582 386 642 religiosius.
419 584 567 646 Neque
587 582 699 627 enim
722 581 803 626 tibi
823 580 965 643 quivis
989 581 1123 626 homo
1148 580 1192 626 in
1218 581 1277 626 rei
1306 592 1437 628 tantae

62 651 300 715 cupiditate
331 652 420 698 ullo
449 652 579 698 modo
604 650 863 697 deserendus
897 661 969 697 aut
999 650 1266 713 respuendus
1301 651 1438 697 videri

61 732 215 786 potest.
247 721 332 768 Sed
354 739 498 768 nonne
523 739 682 778 censes,
699 722 780 767 nisi
799 721 942 785 primo
960 721 1108 767 credat
1130 739 1171 767 se
1185 721 1296 767 adid
1314 722 1435 785 quod

61 793 244 839 instituit
264 804 575 856 perventurum
595 831 605 849 ‚
630 803 905 856 mentemque
930 792 1176 855 supplicem
1208 792 1405 855 praebeat
1421 831 1432 850 ,

61 863 323 929 quibusdam
346 865 508 924 magnis
530 864 863 927 necessariisque
884 863 1117 927 praeceptis
1132 863 1437 926 obtemperans

62 935 248 999 quadam
265 936 367 982 vitae
390 936 560 982 actione
577 946 829 999 perpurget‚
859 953 946 980 non
982 951 1079 979 eum
1110 951 1195 979 esse
1213 934 1335 980 aliter
1356 934 1431 980 illa

61 1022 159 1070 quae
178 1023 287 1069 pure
308 1023 409 1052 vera
425 1017 526 1052 sunt
549 1006 846 1069 adepturum?
880 1012 1035 1052 Censes
1065 1004 1276 1068 profecto.
1313 1005 1436 1061 Quid

61 1093 159 1137 ergo
183 1078 272 1123 istis
289 1115 299 1133 ‚
321 1094 510 1141 quorum
535 1077 588 1123 de
617 1095 766 1137 genere
792 1088 831 1122 te
854 1095 940 1122 esse
961 1081 1051 1136 jam
1073 1076 1202 1122 credo
1220 1114 1230 1132 ,
1257 1077 1334 1140 qui
1367 1076 1436 1122 fa-

61 1147 220 1193 cillime
237 1147 389 1194 divina
406 1158 562 1193 secreta
588 1148 754 1193 ratione
778 1159 893 1193 certa
914 1164 1068 1210 capere
1091 1148 1335 1210 possunt‚si
1352 1147 1435 1193 hac

58 1218 127 1263 via
147 1219 321 1263 veniant
337 1255 347 1274 ‚
364 1235 450 1282 qua
470 1218 533 1263 illi
549 1218 623 1281 qui
645 1219 850 1281 primitus
868 1217 1071 1274 credunt,
1094 1217 1311 1280 numquid
1339 1229 1436 1263 tan-

60 1287 156 1333 dem
171 1288 345 1334 oberit?
371 1290 469 1334 Non
495 1289 699 1335 arbitror.
727 1289 810 1334 Sed
840 1300 980 1334 tamen
1003 1288 1079 1344 ais‚
1106 1288 1224 1344 Quid
1249 1305 1318 1334 eos
1339 1306 1437 1334 mo-

58 1358 144 1404 rari
170 1375 280 1422 opus
299 1362 390 1405 est?
419 1359 534 1416 Quia
556 1359 633 1404 etsi
658 1359 773 1405 facto
799 1359 880 1404 sibi
902 1359 1014 1405 nihil
1031 1359 1275 1414 nocebunt,
1300 1377 1435 1405 noce-

57 1428 170 1474 bunt
179 1439 322 1474 tamen
339 1429 533 1492 exemplo
545 1430 724 1476 caeteris,
749 1430 827 1475 Vix
844 1429 959 1474 enim
978 1430 1125 1492 estqui
1140 1429 1192 1474 (le
1205 1447 1246 1474 se
1263 1440 1432 1475 tantum

58 1502 226 1556 sentiat,
248 1511 461 1564 quantum
490 1511 656 1564 potest:
684 1500 755 1546 sed
780 1501 856 1564 qui
882 1501 1024 1545 minus
1039 1538 1049 1555 ,
1071 1500 1322 1546 excitandus
1343 1512 1431 1555 est3

59 1571 134 1632 qui
163 1570 366 1633 amplius,
408 1571 731 1634 reprimendus3
773 1582 821 1616 ut
860 1587 999 1634 neque
1023 1569 1094 1616 ille
1136 1570 1434 1633 desperatione

58 1639 298 1700 frangatur,
324 1658 465 1704 neque
495 1641 573 1687 iste
596 1641 900 1704 praecipitetur
925 1641 1120 1688 audacia.
1154 1641 1285 1697 Quod
1309 1641 1434 1688 facile

58 1711 124 1767 fit,
145 1711 178 1756 si
194 1711 322 1758 etiam
346 1712 375 1758 ii
399 1713 476 1776 qui
509 1713 656 1758 valent
685 1712 847 1769 volare,
875 1730 928 1758 ne
960 1713 1031 1758 cui
1073 1713 1158 1757 sint
1185 1713 1430 1776 periculoso

58 1782 339 1828 invitamento
365 1820 375 1840 ‚
417 1783 644 1847 paulisper
684 1794 897 1844 cogantur
935 1783 1135 1829 incedere
1173 1801 1259 1847 qua
1303 1786 1432 1831 etiam

58 1854 222 1899 caeteris
239 1865 380 1900 tutum
401 1866 475 1901 est.
509 1855 617 1900 Haec
637 1866 699 1900 est
721 1854 997 1918 providentia
1028 1872 1142 1900 verae
1173 1855 1390 1915 religionis
1416 1874 1425 1901 :

59 1922 143 1970 hoc
161 1927 328 1985 jussum
346 1925 553 1971 divinitus
572 1962 582 1982 ‚
610 1925 696 1971 hoc
719 1944 741 1971 a
765 1926 901 1971 beatis
934 1926 1172 1985 majoribus
1201 1926 1428 1980 traditum„

57 1994 143 2041 hoc
168 1995 223 2042 ad
245 2013 322 2042 nos
345 2014 479 2060 usque
507 2008 722 2042 servatum
743 2015 753 2042 z
778 1998 864 2043 hoc
898 1998 1155 2060 perturbare
1176 1997 1283 2042 velle
1306 2009 1434 2061 atque

54 2077 313 2129 pervertere,
333 2067 446 2112 nihil
470 2077 532 2112 est
555 2067 672 2112 aliud
693 2084 823 2130 quam
845 2067 899 2113 ad
925 2085 1067 2113 veram
1091 2067 1339 2127 religionem
1363 2086 1434 2113 sa—

57 2135 259 2196 crilegam
277 2137 391 2182 viam
420 2154 626 2200 quaerere.
668 2137 800 2193 Quod
841 2139 916 2201 qui
944 2138 1139 2193 faciunt,
1182 2155 1262 2183 nec
1303 2139 1336 2183 si
1373 2139 1432 2184 eis

58 2206 457 2271 concedaturquod
484 2207 662 2263 volunt⁵
688 2218 869 2270 possunt
897 2225 986 2272 quo
1021 2207 1254 2254 intendunt
1277 2227 1433 2272 perve-

57 2277 164 2324 nire.
192 2277 446 2337 Cujusmodi
470 2279 584 2323 enim
623 2278 731 2324 libet
757 2279 964 2324 excellant
992 2279 1188 2339 ingenio,
1211 2281 1292 2325 nisi
1319 2282 1432 2326 Deus

59 2348 190 2405 adsit,
217 2348 342 2395 humi
367 2359 538 2412 repunt.
568 2351 694 2396 Tune
719 2361 862 2395 antem
882 2350 1023 2405 adest„
1051 2352 1085 2395 si
1108 2351 1320 2397 societatis
1340 2351 1429 2397 hu·-

56 2437 198 2465 manae
240 2420 285 2465 in
307 2421 447 2466 Deum
472 2420 750 2467 tendentibus
781 2439 886 2467 cura
913 2422 980 2469 sit.
1025 2422 1125 2478 Quo
1152 2422 1287 2482 gradu
1317 2423 1429 2469 nihil

57 2490 222 2537 firmius
243 2491 290 2536 in
315 2490 478 2537 coelum
502 2491 680 2554 reperiri
705 2502 860 2556 potest.
896 2493 986 2551 Ego
1018 2492 1193 2556 quidem
1221 2493 1328 2538 huic
1358 2511 1432 2539 ra-

57 2560 163 2606 tioni
186 2578 273 2607 non
289 2578 468 2643 possum
482 2563 672 2608 resistere
690 2582 701 2616 ς
723 2580 821 2609 nam
842 2563 955 2609 nihil
972 2563 1060 2609 sine
1081 2563 1326 2623 cognitione
1344 2581 1431 2611 esse

59 2630 322 2678 credendum
340 2670 352 2691 ‚
371 2633 447 2696 qui
464 2650 640 2699 possum
662 2633 834 2680 dicere?
854 2651 953 2680 cum
971 2644 1012 2680 et
1034 2634 1239 2691 amicitia,
1261 2634 1430 2682 11151011-
