1795 3253
327 291 417 347 2:34
748 303 782 334 s.
827 301 1067 333 Acoesrnx'i
1105 300 1309 331 nr1scor1

398 764 431 811 I.
464 763 662 808 FAt's'its
683 758 821 805 dixit:
848 779 867 799 «
893 758 1066 821 Accipis
1099 758 1414 819 Evangelium?
1440 759 1508 804 Tu
1547 775 1616 804 me
1640 757 1712 804 in-

333 845 520 894 terrogas
544 842 688 878 utrum
711 829 925 893 accipiam
945 866 955 886 ,
975 830 1019 874 in
1035 846 1123 892 quo
1154 829 1199 874 id
1235 831 1379 894 ipsum
1412 830 1608 894 accipere
1630 847 1713 893 ap-

332 917 473 971 paret,
504 904 605 969 quia
640 919 739 966 quae
770 901 898 961 jubet
942 901 1137 948 observo.
1183 903 1250 947 An
1273 920 1349 962 ego
1374 902 1427 948 de
1458 913 1498 948 te
1516 917 1712 966 quaerere

333 976 493 1032 debeo,
520 986 664 1021 utrum
686 972 892 1036 accipias,
914 971 958 1017 in
976 988 1063 1035 quo
1079 972 1198 1019 nulla
1239 973 1492 1036 accipientis
1511 974 1714 1032 Evange-

333 1047 440 1094 lium
459 1046 661 1093 videntur
681 1043 841 1090 indicia
858 1046 875 1089 ἶ)
916 1044 1004 1102 ligo
1032 1053 1201 1106 patrem
1238 1043 1408 1099 dimisi,
1429 1054 1471 1090 et
1506 1054 1710 1098 matrem,

335 1135 528 1175 uxorem,
553 1116 680 1170 filios,
704 1125 745 1160 et
773 1124 929 1160 cartcra
954 1130 1052 1177 quse
1084 1113 1537 1175 Evangeliumjubet4
1556 1152 1566 1171 ,
1590 1114 1716 1160 etin-

337 1201 525 1249 terrogas
551 1198 698 1233 utrum
732 1185 943 1249 accipiam
978 1185 1290 1245 lixangelium?
1312 1186 1401 1231 Nisi
1427 1185 1573 1232 adhuc
1614 1202 1715 1231 nes-

336 1263 396 1308 cis
419 1259 525 1325 quid
543 1259 596 1304 sit
620 1256 737 1322 quod
758 1255 1039 1316 Evangelium
1061 1268 1358 1320 nuncupatur.
1383 1258 1583 1304 Estenim
1604 1255 1717 1303 nihil

337 1332 456 1380 aliud
490 1347 622 1396 quam
647 1328 924 1393 prwdieatiO,
967 1338 1008 1372 et
1034 1328 1289 1374 mandatum
1313 1329 1492 1376 Christi.
1525 1331 1616 1389 Ego
1643 1345 1717 1373 ar-

338 1415 513 1467 gentum
556 1412 596 1448 et
623 1417 776 1446 aurum
818 1399 970 1460 rejeci,
995 1410 1035 1444 et
1062 1416 1120 1445 κε
1140 1401 1182 1445 in
1207 1401 1324 1446 zonis
1350 1400 1514 1446 habere
1551 1399 1714 1455 destiti,

340 1475 596 1541 quotidiano
622 1482 851 1518 contentus
877 1470 1030 1527 ‹filio‘2,
1055 1489 1133 1517 nec
1158 1471 1211 1517 de
1235 1473 1420 1518 erastino
1441 1488 1614 1527 curans,
1639 1487 1719 1516 nec

341 1547 456 1594 unde
476 1556 624 1594 venter
640 1542 891 1606 impleatur,
920 1557 994 1588 aut
1016 1559 1176 1605 eorpus
1200 1544 1439 1607 operiatur,
1465 1541 1720 1590 sollicitudi-

339 1637 436 1666 nem
456 1634 621 1679 gerens,
643 1626 683 1660 et
698 1614 856 1679 quomis
874 1632 896 1659 a
915 1630 982 1659 me
997 1625 1142 1660 utrum
1164 1616 1379 1679 accipiam
1404 1614 1720 1674 livangelium?

339 1691 470 1739 Vides
491 1690 614 1736 inme
629 1687 791 1733 Christi
812 1686 1100 1732 beatitudines
1116 1686 1225 1742 illas,
1238 1704 1339 1751 quae
1355 1686 1639 1746 Evangelium
1653 1684 1723 1731 fa-

341 1763 463 1809 ciunt
481 1761 516 1816 3,
543 1770 585 1805 et
602 1760 838 1817 interrogas
863 1768 1006 1802 utrum
1029 1757 1137 1803 illud
1161 1758 1388 1821 accipiam.
1413 1757 1542 1804 Vides
1556 1773 1724 1821 paupe-

340 1852 449 1889 rem,
463 1832 581 1878 vides
600 1830 765 1885 mitem,
781 1847 796 1874 x
809 1828 898 1874 ides
917 1829 1171 1892 pacificum,
1186 1846 1298 1893 puro
1317 1828 1465 1886 corde,
1483 1829 1719 1890 lugentem,

341 1905 617 1959 esurientem,
642 1901 880 1956 sitientem,
909 1900 1228 1964 persecutiones
1259 1912 1301 1948 et
1321 1901 1420 1947 odia
1442 1901 1724 1948 sustinentem

342 1987 524 2042 propter
554 1973 767 2035 justitiam
795 1990 805 2017 ι
837 1982 878 2017 et
902 1971 1078 2018 dubitas
1103 1981 1250 2018 utrum
1287 1973 1500 2036 accipiam
1522 1974 1725 2032 Evange-
1785 2002 1794 2010 -

341 2049 479 2095 lium?
507 2048 606 2093 Non
624 2061 724 2105 ergo
737 2047 828 2104 jam
847 2043 1008 2089 mirum
1035 2054 1097 2090 est
1126 2044 1340 2090 Joamiem
1365 2045 1608 2108 Baptistam
1631 2044 1724 2091 viso

343 2120 462 2176 Jesu,
486 2121 629 2178 etejus
651 2117 751 2163 item
774 2113 932 2161 auditis
953 2115 1178 2179 operibus,
1195 2132 1388 2179 quaerere
1406 2114 1551 2162 adhuc
1576 2125 1726 2162 utrum

345 2192 437 2255 ipse
460 2199 567 2236 esset
578 2188 798 2236 Christus:
818 2187 889 2232 cui
908 2186 1037 2247 digne
1055 2198 1097 2233 et
1114 2187 1269 2233 merito
1285 2186 1309 2231 J
1314 2203 1409 2234 esus
1434 2204 1512 2233 nec
1526 2186 1730 2247 dignatus

346 2261 523 2328 quidem
545 2271 606 2306 est
641 2257 885 2305 renuntiare
912 2258 1031 2322 quod
1060 2259 1151 2322 ipse
1175 2269 1307 2312 esset3
1335 2258 1406 2306 sed
1426 2275 1558 2322 opera
1577 2274 1726 2304 rursus

345 2333 496 2380 eadem
513 2330 594 2388 illi,
610 2347 711 2394 quae
724 2327 990 2390 jamdudum
1013 2329 1225 2386 audierat,
1242 2328 1541 2376 remandavit:
1563 2350 1582 2371 «
1605 2328 1725 2375 Caeei

345 2427 368 2449 »
390 2404 557 2459 vident,
575 2401 696 2448 surdi
721 2400 920 2455 audiunt,
943 2401 1106 2447 mortui
1133 2400 1411 2461 resurgunt&
1434 2422 1454 2442 >³
1472 2411 1554 2448 ete.
1591 2401 1726 2458 Quod

343 2493 420 2536 ego
441 2490 614 2538 quoque
647 2472 762 2518 circa
788 2482 826 2516 te
858 2488 943 2518 non
964 2472 1179 2518 immerito
1204 2471 1396 2526 fecerim,
1426 2471 1459 2517 si
1477 2469 1727 2535 perroganti

343 2558 493 2593 utrum
515 2542 729 2606 accipiam
749 2541 1031 2602 Evangelium
1055 2542 1222 2589 dixero:
1241 2565 1260 2584 α
1278 2543 1439 2589 Omnia
1453 2559 1546 2588 mea
1561 2541 1723 2599 dimisi,

391 2646 522 2682 xMatth
559 2655 623 2678 xix,
640 2655 681 2686 ²9
710 2663 745 2667 —
770 2642 900 2681 21‹l.x‚
924 2654 1029 2675 10.—
1047 2641 1061 2665 :3
1077 2643 1124 2675 Id.
1144 2655 1174 2688 v,
1200 2646 1229 2676 3.
1253 2663 1293 2668 —
1311 2642 1324 2666 ⁴
1347 2643 1392 2675 m.
1413 2655 1458 2688 xx,
1483 2645 1514 2678 3.
