1795 3253
313 266 374 328 96
736 278 771 310 s.
814 277 1057 310 Aucusrml
1096 277 1300 309 ΕΡῙεοοΡι

317 367 336 388 »
353 347 413 392 sic
436 356 477 391 et
494 361 572 408 per
591 344 718 390 unius
743 344 1032 391 obedientiam
1055 345 1160 405 justi
1180 344 1495 390 constituentur
1515 344 1682 392 multi1.

317 438 336 457 2>
357 415 575 472 Quoniam
601 432 677 478 per
699 414 918 461 hominem
949 433 1063 462 mors
1080 453 1090 465 ,
1120 426 1160 460 οῖ
1192 432 1270 478 per
1298 414 1519 461 hominem
1545 432 1691 462 resur-

318 486 488 532 »rectio
525 486 840 533 mortuorum2.
867 508 885 528 υ
921 486 1128 543 Quandiu
1159 503 1257 544 ergo
1287 497 1511 549 portamus
1534 486 1693 546 imagi-

315 576 410 604 nem
430 558 585 603 terreni
610 558 800 604 hominis
819 596 829 615 ,
856 558 900 604 id
925 569 987 604 est
1003 596 1014 614 ,
1041 558 1237 621 quandiu
1259 557 1498 603 secundum
1518 574 1694 604 carnem

318 629 503 675 xivimus
520 666 530 680 ,
573 628 648 692 qui
689 639 809 674 vetus
836 630 964 675 etiam
1002 629 1133 674 bomo
1178 628 1448 684 nominatur,
1482 628 1695 675 habemus

319 701 611 746 necessitatem
633 701 957 746 consuetudinis
976 711 1133 745 nostroe
1149 738 1158 748 .
1184 710 1231 745 ut
1249 717 1336 745 non
1356 699 1478 763 quod
1496 699 1696 746 volumus

317 771 541 818 faciamus.
573 772 687 817 Cum
713 782 852 817 autem
873 772 1007 831 gratia
1038 771 1109 815 Dei
1131 787 1319 816 amorem
1349 770 1476 816 nobis
1498 769 1697 816 divinum

319 842 592 905 inspiraverit
611 879 621 891 ,
651 853 692 887 ct
717 859 792 888 nos
819 860 906 888 suae
924 842 1138 888 voluntati
1161 841 1358 886 subditos
1388 841 1537 886 fecerit
1554 877 1566 897 ‚
1593 841 1697 905 qui-

321 913 402 958 hus
427 913 594 958 dictum
627 924 689 959 est
711 931 720 958 :
751 935 771 955 «
793 915 877 959 Vos
904 914 947 959 in
972 913 1215 958 libertatem
1251 912 1391 957 vocati
1417 911 1540 957 cstis³
1564 927 1575 957 t
1602 933 1622 952 »
1657 922 1700 957 et

322 983 474 1028 Gratia
494 983 571 1028 Dei
591 982 793 1030 liberavit
811 1001 877 1028 me
904 1002 927 1029 a
951 983 1040 1042 lege
1059 982 1227 1046 peccati
1247 993 1289 1028 et
1318 983 1483 1029 mortis,
1511 984 1597 1027 Lex
1617 999 1700 1028 au-

318 1064 404 1099 tem
438 1055 606 1116 peccati
635 1065 726 1101 est.
764 1065 812 1100 ut
841 1055 1110 1118 quicumque
1138 1056 1413 1117 peccaverit,
1440 1051 1693 1099 moriatur4.

323 1124 392 1170 Ab
419 1125 497 1170 ista
532 1124 621 1184 lege
644 1124 882 1170 liberamur
900 1162 911 1181 ‚
935 1142 1036 1171 cum
1059 1125 1165 1184 justi
1189 1141 1275 1170 esse
1303 1125 1579 1188 coeperimus,
1616 1125 1702 1169 Lex

321 1194 470 1240 mortis
505 1205 590 1250 est,
626 1212 713 1258 qua
736 1195 903 1241 dictum
940 1206 1002 1241 est
1039 1195 1207 1241 homini
1236 1212 1245 1240 :
1285 1217 1306 1237 «
1332 1196 1464 1240 Terra
1494 1212 1561 1251 e5‚
1590 1205 1632 1240 et
1656 1194 1702 1240 in

322 1287 343 1307 »
362 1276 518 1311 terram
541 1264 670 1313 ibis5.
697 1288 716 1308 »
745 1267 806 1311 Ex
829 1267 924 1329 ipso
948 1266 1062 1312 enim
1087 1283 1233 1311 omnes
1252 1266 1312 1311 sic
1335 1266 1578 1322 nascimur,
1599 1265 1703 1330 quia

323 1347 433 1382 terra
457 1352 603 1381 sumus
618 1373 628 1392 ‚
659 1347 701 1381 et
724 1336 769 1382 in
787 1347 946 1382 terram
971 1336 1133 1382 ibimus
1158 1347 1338 1399 propter
1368 1337 1567 1381 meritum
1594 1352 1703 1399 pec-

322 1407 407 1453 cati
426 1407 555 1470 primi
574 1406 778 1454 hominis.
805 1407 994 1471 Propter
1013 1419 1153 1454 autem
1174 1407 1354 1467 gratiam
1377 1408 1456 1452 Dei
1474 1444 1485 1462 ‚
1511 1423 1610 1470 quae
1629 1423 1704 1452 nos

323 1478 478 1524 liberat
498 1496 521 1523 a
543 1477 631 1538 lege
655 1479 824 1543 peccati
849 1490 892 1524 et
915 1480 1067 1525 mortis
1083 1517 1093 1536 ‚
1129 1479 1179 1525 ad
1198 1479 1410 1539 justitiam
1432 1478 1627 1524 conversi
1646 1478 1704 1523 li—

321 1549 527 1594 beramur
550 1566 562 1594 :
591 1560 639 1594 ut
661 1560 809 1613 postea
830 1549 980 1596 eadem
1000 1549 1092 1613 ipsa
1116 1567 1217 1595 caro
1236 1567 1335 1613 quae
1359 1567 1436 1595 nos
1455 1549 1600 1613 poenis
1620 1560 1705 1595 tor-

323 1620 440 1665 sitin
458 1620 646 1682 peccatis
676 1621 950 1677 manentes‘5‚
979 1621 1238 1680 subjiciatur
1270 1620 1396 1666 nobis
1422 1621 1467 1666 in
1486 1637 1705 1667 resurrec-

325 1691 439 1736 tione
454 1727 464 1746 ‚
491 1700 532 1734 et
556 1690 674 1736 nulla
696 1690 951 1736 adversitate
988 1708 1066 1736 nos
1086 1691 1283 1754 quatiat,
1311 1691 1543 1754 quominus
1568 1691 1705 1751 legem

325 1762 405 1807 Dei
429 1771 470 1806 et
487 1760 634 1806 divina
658 1773 881 1826 praecepta
900 1778 1128 1809 servemus.
1158 1761 1282 1807 Unde
1301 1762 1506 1825 quoniam
1525 1779 1602 1822 ego
1622 1779 1706 1807 res-

327 1832 465 1897 pondi
492 1832 578 1878 tuis
594 1869 605 1888 ,
628 1832 807 1892 dignare
831 1844 879 1879 tu
897 1833 1159 1896 respondere
1191 1832 1303 1879 illud
1337 1832 1457 1896 quod
1481 1832 1702 1889 desidero,

324 1902 696 1967 quemadmodum
713 1904 805 1949 fieri
822 1903 977 1967 possit,
997 1914 1046 1948 ut
1062 1904 1095 1948 si
1112 1914 1174 1949 est
1193 1904 1283 1949 Deo
1300 1913 1455 1949 natura
1469 1904 1703 1960 contraria,

327 1973 453 2020 nobis
494 1973 738 2037 imputetur
763 1985 1020 2037 peccatum,
1056 1974 1133 2037 qui
1166 1973 1213 2019 in
1246 1972 1363 2019 illam
1387 1984 1587 2020 naturam
1619 1991 1707 2019 non

327 2044 577 2100 voluntate,
611 2043 685 2090 sed
709 2043 765 2090 ab
799 2044 895 2109 ipso
930 2044 1049 2101 Deo,
1085 2043 1159 2090 cui
1192 2045 1337 2090 noceri
1361 2044 1473 2091 nihil
1504 2054 1703 2109 poterat,

328 2132 446 2161 missi
469 2132 631 2163 sumus,

396 2186 529 2232 FonT.
564 2185 669 2232 dixit
690 2204 701 2231 ε
729 2187 858 2234 «Hoc
872 2204 1022 2248 genere
1039 2187 1412 2251 quemadmodum
1434 2199 1475 2234 et
1492 2187 1708 2234 Dominus

331 2256 437 2302 dixit
462 2256 698 2320 Discipulis
722 2257 807 2303 suis
835 2275 846 2303 ε
871 2278 891 2300 «
914 2259 1026 2303 Eece
1046 2276 1123 2318 ego
1147 2259 1274 2304 mitto
1299 2275 1375 2304 vos
1403 2258 1516 2304 sicut
1541 2275 1639 2319 oves
1662 2258 1708 2304 in

331 2349 352 2370 »
376 2326 517 2373 medio
532 2326 811 2391 luporum7.»
826 2329 940 2375 Hinc
959 2329 1184 2376 sciendum
1203 2340 1264 2376 est
1286 2328 1405 2393 quod
1423 2345 1510 2374 non
1530 2329 1708 2375 inimica

328 2408 470 2445 mente
495 2397 694 2444 Salvator
716 2411 860 2446 noster
878 2417 1008 2460 agnos
1029 2417 1144 2457 suos,
1166 2399 1211 2446 id
1233 2410 1316 2457 est,
1339 2399 1591 2463 Discipulos
1606 2415 1707 2446 suos

379 2501 389 2523 ¹
410 2501 526 2545 Ephes.
548 2513 577 2540 v,
603 2503 644 2545 ὃς
674 2515 687 2534 1
707 2503 791 2536 Tim.
814 2515 858 2544 iv,
881 2511 898 2542 4
915 2518 923 2544 ;
941 2507 1034 2538 Rom.
1050 2516 1081 2547 v,
1109 2517 1160 2548 ¹9·
1174 2523 1221 2530 —
1237 2504 1253 2528 2
1274 2517 1286 2537 1
1309 2506 1382 2537 Cor.
1400 2515 1455 2543 xv,
1474 2515 1512 2535 21
1542 2510 1575 2537 et
1594 2510 1709 2547 49.—

330 2553 344 2578 3
363 2555 467 2589 Galat.
487 2566 519 2598 v,
544 2557 596 2587 13.
619 2575 663 2583 -
685 2554 700 2582 ⁴
718 2560 812 2591 Rom.
833 2569 910 2600 vm,
930 2570 962 2593 2.
977 2577 1025 2586 —-
1039 2557 1054 2583 ⁵
1074 2560 1157 2593 Gen.
1174 2571 1233 2605 111,
1259 2570 1368 2602 ¹9·-
1386 2554 1402 2580 ⁶
1422 2569 1436 2590 1
1457 2560 1550 2594 Retr.
1569 2568 1642 2594 xvr.
1659 2573 1708 2582 —-

329 2606 344 2630 ⁷
361 2607 479 2642 Matth.
494 2619 529 2652 x,
552 2609 604 2643 16,
