1795 3253
250 312 426 344 CONTRA
458 311 660 342 FAusTUM
695 311 997 352 MANICHAECM,
1037 313 1124 342 Lm.
1168 314 1257 342 xvr.
1364 299 1458 360 439

81 391 202 427 seret.
244 379 310 425 Ita
338 378 403 424 illi
435 395 482 423 ex
519 395 664 424 rerum
696 377 1033 423 christianarum
1062 381 1154 438 jam
1186 380 1459 442 praesentatis

81 450 305 496 effectibus
325 487 336 506 ,
361 448 580 494 librorum
608 447 843 512 prophetia
869 465 968 494 vera
993 449 1257 511 probaretur
1286 468 1296 494 ι
1325 468 1373 495 ex
1398 450 1458 496 li·-

81 521 264 567 brorum
293 537 394 566 vero
422 519 656 582 prophetia
678 519 880 566 Christus
903 519 1111 565 colendus
1137 532 1452 579 agnosceretur.

83 592 203 638 Vana
226 591 349 655 loqui
372 590 556 653 deputer
571 628 582 646 ,
611 591 644 635 si
664 608 751 636 non
767 590 825 635 ita
843 588 1007 636 factum
1029 602 1115 646 est,
1145 591 1178 635 si
1200 608 1287 636 non
1311 592 1370 637 ita
1390 593 1457 648 sit,

84 664 117 709 si
139 680 227 709 non
249 663 294 708 in
316 679 408 707 eam
431 661 563 706 fidem
593 679 672 724 per
694 660 942 707 universum
964 662 1114 707 orbem
1140 671 1352 707 terrarum
1383 680 1460 708 eo-

85 732 281 779 rumdem
306 731 523 777 librorum
549 732 804 777 recitatione
821 732 1112 779 concurritur.

148 804 269 849 XXI.
311 801 437 847 Unde
460 802 719 848 mirabiliter
738 802 917 848 istorum
941 813 1002 848 est
1024 803 1204 850 ridenda
1230 803 1432 850 vecordia
1448 841 1457 856 ‚

85 874 160 939 qui
188 885 393 937 tanquam
417 873 685 936 impossibile
706 891 728 918 a
746 874 874 919 nobis
893 886 1116 937 quaerunt,
1145 875 1367 938 quomodo
1386 892 1464 938 per

84 946 107 990 J
117 944 343 991 udaeorum
376 943 513 989 libros
546 944 675 991 fidem
703 944 984 990 christianam
1017 945 1119 991 velit
1143 946 1307 991 discere
1329 946 1463 991 homo

87 1014 270 1061 Gentilis
287 1052 297 1070 ‚
323 1031 422 1060 cum
442 1024 563 1059 tanta
587 1014 819 1060 devotione
842 1026 882 1060 et
905 1026 1023 1061 tanta
1046 1016 1295 1062 celebritate
1318 1033 1466 1062 omnes

85 1096 228 1147 gentes
246 1085 428 1130 istorum
458 1085 674 1130 librorum
703 1085 796 1130 sieri
818 1085 1058 1149 discipulas
1082 1097 1230 1132 cernat
1257 1106 1267 1132 :
1296 1104 1345 1131 eo
1370 1087 1465 1149 ipso

85 1156 290 1203 nimirum
311 1156 466 1202 fortius
490 1167 619 1220 atque
643 1157 810 1202 firmius
825 1194 835 1211 ‚
872 1156 991 1220 quod
1010 1175 1057 1203 ex
1076 1158 1281 1203 manibus
1314 1158 1466 1203 inimi-

86 1244 240 1274 corum
260 1237 378 1273 tanta
397 1227 450 1272 de
465 1227 643 1272 Christo
656 1227 900 1272 testimonia
916 1227 1223 1291 proferuntur3
1246 1229 1289 1274 in
1304 1228 1466 1292 quibus

85 1298 182 1344 ideo
204 1299 363 1344 Gentes
390 1314 491 1361 quae
515 1297 721 1353 credunt,
748 1297 863 1343 nihil
889 1297 942 1343 de
974 1298 1050 1343 illo
1081 1298 1135 1344 ad
1174 1310 1344 1362 tempus
1366 1316 1464 1362 pos-

87 1380 188 1414 sunt
208 1379 364 1433 putare
383 1369 640 1424 confictum,
658 1368 760 1432 quia
779 1369 823 1413 in
844 1369 902 1414 eis
918 1369 1042 1414 libris
1061 1370 1291 1416 inveniunt
1313 1370 1444 1415 Chris

86 1450 179 1485 tum
188 1477 199 1497 ,
211 1439 374 1504 quibus
388 1458 410 1485 a
428 1449 489 1484 tot
507 1439 675 1485 saeculis
693 1439 883 1485 serviunt
897 1440 973 1503 qni
992 1441 1300 1486 crucifixerunt
1316 1441 1464 1486 Chris-

87 1520 180 1556 tum
201 1548 211 1566 ,
233 1521 275 1555 et
297 1526 405 1573 quos
423 1509 468 1555 in
488 1521 608 1556 tanto
630 1510 754 1573 apice
778 1510 1045 1557 auctoritatis
1067 1511 1235 1557 habent
1251 1513 1327 1575 qui
1350 1528 1465 1576 quo-

88 1581 192 1628 tidie
209 1581 520 1645 blasphemant
536 1582 763 1627 Christum
790 1600 799 1626 :
823 1582 869 1627 Si
883 1582 997 1627 enim
1013 1583 1069 1628 ab
1089 1583 1148 1628 eis
1168 1584 1466 1647 proferrentur

87 1651 336 1716 prophetiae
369 1651 423 1697 de
453 1652 630 1697 Christo
655 1653 732 1715 qui
752 1652 1000 1715 praedicant
1026 1652 1277 1711 Christum,
1312 1655 1368 1699 ab
1408 1655 1466 1700 eis

85 1723 190 1787 ipsis
205 1723 408 1768 confictae
425 1733 688 1785 putarentur
711 1740 721 1766 z
745 1739 863 1767 nunc
882 1740 983 1769 vero
1004 1722 1050 1768 id
1068 1725 1244 1786 exponit
1259 1725 1333 1787 qui
1353 1741 1466 1787 pree-

87 1793 207 1839 dicat
222 1830 233 1849 ‚
254 1791 374 1856 quod
394 1792 548 1837 recitat
568 1793 645 1855 qui
662 1792 955 1855 blasphemat.
982 1793 1050 1838 Ad
1070 1793 1257 1857 aliquem
1280 1812 1466 1858 namque

88 1881 215 1911 usum
244 1874 493 1909 sanctorum
533 1863 764 1909 ordinatur
788 1864 928 1909 omnis
964 1865 1138 1910 caecitas
1167 1866 1403 1929 impiorum
1440 1885 1464 1912 a

89 1951 259 1981 summo
279 1934 370 1980 Deo
387 1971 398 1990 ‚
425 1934 502 1997 qui
519 1951 601 1998 pro
620 1934 687 1979 sui
710 1934 929 1994 regiminis
956 1935 1164 1998 aequitate
1193 1936 1302 1982 bene
1328 1938 1466 1983 utitur

89 2005 218 2052 etiam
248 2004 394 2062 malis,
438 2014 488 2050 ut
518 2004 594 2068 qui
631 2022 707 2050 suo
745 2004 927 2050 arbitrio
953 2006 1111 2065 injuste
1137 2008 1316 2064 vivunt,
1351 2009 1468 2054 illius

83 2075 254 2136 judicio
279 2078 390 2135 juste
415 2074 717 2139 disponantur.
745 2076 859 2135 Ergo
884 2092 937 2120 ne
957 2076 1200 2121 testimonia
1218 2077 1468 2140 prophetiae

92 2145 259 2192 Christi
275 2146 502 2203 nascituri„
519 2144 628 2191 mira
642 2146 818 2203 facturi,
841 2145 1020 2206 indigna
1036 2146 1220 2210 passuri‚
1241 2148 1461 2205 morituri,

89 2216 403 2273 resurrecturi,
433 2217 678 2270 ascensuri,
720 2234 798 2280 per
828 2233 976 2262 omnes
1003 2227 1148 2277 gentes
1182 2218 1467 2279 Evangelium

89 2288 193 2335 vitae
216 2297 392 2333 aeternae
413 2286 729 2333 disseminaturi
749 2324 759 2342 ‚
786 2286 849 2332 illi
871 2287 1037 2333 finxisse
1062 2287 1358 2345 crederentur,
1392 2289 1470 2353 qui

88 2374 187 2404 eum
219 2356 396 2421 populis
434 2358 766 2410 annuntiarent3
800 2374 1008 2416 magnum
1034 2357 1199 2422 aliquid
1225 2370 1370 2404 actum
1401 2369 1463 2405 est

91 2427 138 2474 in
153 2445 278 2474 usum
299 2438 495 2473 nostrum
512 2427 565 2473 de
582 2427 833 2474 infidelitate
852 2428 1108 2475 Judaeorum
1124 2467 1134 2484 ,
1159 2440 1206 2474 ut
1231 2430 1361 2475 iidem
1386 2431 1470 2494 ipsi

93 2499 169 2563 qui
187 2498 285 2544 haec
308 2509 492 2563 propter
521 2516 563 2544 se
590 2516 678 2544 non
701 2499 916 2545 haberent
943 2499 988 2546 in
1024 2499 1232 2546 cordibus
1250 2538 1260 2555 ‚
1290 2512 1471 2564 propter

93 2587 172 2616 nos
198 2569 414 2616 haberent
432 2569 477 2616 in
496 2569 742 2617 codicibus.
766 2571 854 2617 Nec
869 2569 970 2616 inde
990 2570 1223 2617 auctoritas
1242 2570 1326 2616 illis
1348 2571 1474 2618 libris

95 2640 325 2700 minuitur,
355 2640 476 2706 quod
507 2646 530 2688 a
552 2643 577 2688 J
583 2641 718 2689 udaeis
742 2659 830 2690 non
856 2642 1157 2703 intelliguntur
1178 2662 1189 2697 ;
1218 2642 1307 2690 imo
1331 2653 1371 2689 et
1392 2660 1474 2690 au-
