1795 3253
348 257 376 311 ,ξι
390 272 399 301 ι
413 257 441 312 l,
773 267 808 296 s.
851 265 1092 297 AUGUSTINI
1129 265 1333 297 muscom

411 336 465 382 X.
508 333 676 395 Nempe
708 331 953 377 conviciata
992 347 1034 376 es
1074 331 1347 395 impudentia
1389 333 1593 395 sacrilega
1632 335 1721 380 Deo

346 405 666 469 {Prophetarum
684 440 694 457 ‚
721 401 839 465 quod
878 402 982 465 ipsis
1015 400 1183 447 Juda‘is
1209 402 1292 447 sibi
1317 403 1602 449 servientibus
1638 421 1725 450 non

347 475 591 525 exhibuerit
615 472 734 536 quod
763 473 976 535 promisit.
1014 473 1102 517 hec
1133 489 1233 517 sane
1256 472 1399 519 dixisti
1423 473 1531 537 quid
1557 475 1728 537 promi-

350 548 468 604 serit,
481 557 522 592 et
542 562 627 591 non
643 543 908 598 exhibuerit,
924 543 1049 588 neibi
1066 542 1403 600 convincereris,
1420 548 1594 605 autjam
1609 545 1728 590 exhi-

344 622 486 667 bitum
514 616 631 681 quod
655 632 743 660 non
767 615 986 674 intelligis,
1015 624 1087 660 aut
1105 614 1253 660 adhuc
1276 613 1474 661 futurum
1497 615 1617 680 quod
1639 633 1727 662 non

347 692 499 738 credis.
533 688 635 735 'tihi
661 686 770 751 quid
806 687 1067 751 promissum
1094 696 1157 731 est
1180 696 1221 731 et
1247 698 1556 749 praesentatum
1573 725 1583 744 ,
1611 687 1728 733 unde

346 764 426 809 tibi
459 762 564 807 sides
591 761 710 805 fieret
738 769 777 803 te
804 768 1081 821 accepturam
1113 757 1359 821 triumphos
1395 775 1609 804 novorum
1642 774 1728 803 sae-

344 833 544 881 culorum
567 846 696 893 super
721 839 878 874 terram
902 828 1208 874 tenebrarum?
1230 829 1275 873 si
1301 828 1469 891 aliquos
1487 828 1730 892 prophetas

344 902 594 969 protuleris,
615 902 660 946 in
682 899 844 963 quibus
868 898 1057 958 legamus
1075 915 1175 944 cum
1199 898 1328 944 laude
1346 899 1584 963 pra-*dictos
1605 897 1730 944 futu-

345 994 415 1022 ros
436 973 723 1027 Manicliaeos‚
750 969 866 1015 unde
884 974 977 1029 jam
1003 970 1084 1015 tibi
1109 969 1273 1033 aliquid
1306 970 1550 1015 exhibitum
1582 980 1726 1033 putes,

345 1047 432 1093 hoc
453 1047 546 1109 ipso
569 1043 669 1107 quia
689 1057 774 1087 esse
794 1057 870 1085 vos
894 1040 1091 1086 videmus
1112 1061 1122 1094 3
1150 1040 1533 1104 prius‘probatura
1552 1057 1593 1086 es
1611 1040 1729 1104 quod

346 1133 435 1162 non
460 1117 551 1178 ipsc
579 1111 853 1158 Manichaeus
871 1111 953 1156 tibi
974 1111 1215 1175 prophetas
1243 1112 1436 1162 finxerit,
1468 1111 1544 1176 qui
1573 1111 1656 1157 sibi
1684 1122 1731 1157 ut

346 1186 540 1232 crederes
553 1183 703 1230 voluit.
732 1182 882 1245 Neque
899 1181 1013 1226 enim
1030 1192 1155 1244 putat
1177 1192 1304 1245 turpe
1323 1182 1601 1228 mendacium
1623 1199 1634 1227 z
1655 1194 1732 1228 aut

346 1274 447 1303 vero
471 1265 613 1320 potest
634 1252 836 1299 dubitare
863 1250 990 1297 falsos
1021 1252 1261 1315 prophetas
1282 1253 1504 1299 ostendere
1533 1253 1577 1298 in
1602 1252 1731 1316 pelli-

346 1329 429 1373 bus
454 1326 609 1379 ovinis,
631 1324 708 1387 qui
725 1322 948 1368 Christum
966 1321 1150 1367 laudans
1175 1335 1385 1369 asseverat
1405 1323 1532 1370 falsas
1558 1323 1731 1369 cicatri-

347 1415 414 1443 ces
427 1395 659 1443 ostendisse
673 1394 718 1439 in
739 1392 946 1437 membris
963 1393 1063 1439 suis,
1086 1393 1142 1438 At
1161 1411 1237 1453 ego
1256 1411 1331 1439 vos
1347 1393 1477 1457 plane
1495 1393 1731 1458 praedictos

346 1470 458 1529 lego,
485 1485 573 1513 non
596 1465 738 1511 solum
763 1481 786 1509 a
811 1463 1046 1526 Prophetis
1071 1464 1294 1527 aliquanto
1312 1465 1557 1521 obscurius,
1577 1480 1729 1510 verum

345 1551 387 1586 et
417 1541 471 1586 ab
499 1536 707 1601 Apostolo
739 1534 990 1598 expressius.
1035 1535 1119 1580 Sed
1148 1535 1290 1581 videte
1318 1534 1727 1599 quemadmodum:
1794 1526 1795 1530 Ἰ

346 1634 366 1654 «
394 1612 600 1675 Spiritus,
618 1606 779 1671 inquit,
797 1604 1022 1651 manifeste
1036 1605 1160 1661 dicit,
1178 1607 1280 1670 quia
1298 1607 1343 1651 in
1363 1606 1607 1652 novissimis
1624 1616 1732 1651 tem-

347 1704 369 1723 »
393 1682 576 1745 poribus
596 1677 797 1724 recedent
822 1675 1001 1739 quidam
1028 1694 1049 1721 a
1074 1676 1183 1731 side,
1209 1677 1480 1722 intendentes
1503 1676 1733 1740 spiritibus

349 1775 370 1795 »
394 1750 714 1803 seductoribus,
747 1757 789 1792 et
825 1747 1036 1792 doctrinis
1071 1747 1389 1793 daemoniorum
1424 1748 1469 1793 in
1505 1748 1732 1811 hypocrisi

347 1846 369 1867 »
392 1820 847 1882 mendaci]oquorum,
871 1817 1152 1863 cauteriatam
1177 1818 1390 1864 habentes
1421 1819 1732 1864 conscientiam

348 1918 369 1938 »
392 1910 540 1947 suam,
574 1889 861 1955 prohibentes
895 1888 1087 1944 nubere,
1125 1888 1388 1934 abstinentes
1424 1908 1447 1934 a
1479 1889 1589 1936 cibis
1623 1904 1732 1953 quos

347 1988 368 2008 »
393 1967 509 2010 Deus
538 1960 701 2008 creavit
725 1959 777 2005 ad
801 1958 1134 2021 percipiendum
1163 1976 1264 2004 cum
1296 1960 1531 2019 gratiarum
1561 1960 1732 2005 actione

348 2059 368 2079 »
393 2034 612 2088 fidelibus,
636 2041 678 2076 et
696 2030 746 2076 iis
769 2028 845 2092 qui
869 2039 1167 2088 cognoverunt
1190 2029 1413 2075 veritatem
1436 2029 1567 2093 :quia
1593 2028 1732 2075 omnis

348 2128 370 2149 »
394 2115 591 2153 creatura
616 2102 697 2148 Dei
716 2101 833 2146 bona
857 2110 936 2155 est,
960 2110 1001 2144 et
1019 2099 1133 2145 nihil
1160 2099 1456 2159 abjiciendum
1485 2098 1731 2164 quodcum

346 2201 367 2222 »
395 2177 631 2238 gratiarum
658 2172 826 2218 actione
847 2170 1136 2235 percipitur1.
1171 2193 1190 2213 »
1222 2172 1330 2217 Haee
1353 2170 1729 2235 quemadmodum

347 2251 392 2296 in
410 2243 727 2307 vobisimpleta
752 2243 853 2299 sint,
880 2252 921 2288 et
940 2242 1037 2288 luce
1058 2242 1217 2288 clarius
1238 2243 1434 2288 omnium
1457 2243 1533 2306 qui
1553 2259 1629 2288 vos
1653 2257 1732 2288 no·
1781 2271 1784 2273 Δ

346 2329 502 2367 verunt
526 2314 675 2362 oculos
698 2314 852 2374 tangit,
877 2324 919 2359 et
941 2330 1071 2377 supra
1093 2330 1174 2377 pro
1195 2322 1388 2376 tempore
1408 2312 1691 2360 ostendimus

414 2390 494 2436 xl.
535 2389 620 2432 Ista
657 2395 826 2440 autem,
853 2401 982 2447 quam
1010 2384 1210 2430 doctrina
1244 2383 1480 2447 apostolica
1521 2383 1727 2444 virginem

347 2472 508 2508 castam
529 2457 603 2503 uni
621 2456 714 2502 viro
734 2454 939 2501 exhibens
961 2455 1157 2511 Christo,
1181 2472 1204 2501 a
1221 2453 1392 2500 fallacia
1415 2454 1625 2519 serpentis
1644 2470 1729 2518 qua

348 2543 396 2579 tu
430 2537 638 2592 corrupta
663 2543 732 2583 es,
759 2535 906 2571 monet
929 2535 978 2571 ut
1003 2536 1180 2584 caveat,
1211 2526 1405 2586 agnoscit
1437 2526 1579 2572 Deum
1613 2523 1730 2580 Pro'-

394 2616 406 2639 ι
427 2625 438 2644 1
456 2612 540 2645 Tim.
556 2621 601 2651 ιν,
623 2615 694 2646 1-4·
