1795 3253
0 0 24 243 ‘'⁸²:⁰³²ss—

30 330 33 332 ,
67 302 240 336 CONTRA
276 302 545 334 ADIMANTUM
582 301 815 334 MANICHAEI
853 303 1070 333 DISCIPUL.
1115 304 1203 333 LIB.
1247 304 1276 334 1.
1357 290 1444 351 139

64 391 86 414 »
111 370 281 435 ponatis
303 368 614 415 offendiculum
633 378 707 413 aut
725 366 981 413 scandalum
1006 367 1229 416 fratribus,
1270 368 1370 415 Scio
1399 379 1442 415 et

66 462 87 484 »
111 450 251 486 certus
277 456 371 485 sum
390 440 434 485 in
457 439 647 484 Domino
670 443 767 484 Jesu
783 474 793 493 ,
836 439 939 501 quia
957 437 1071 483 nihil
1109 455 1339 485 commune
1367 456 1445 503 per

66 533 89 555 n
112 511 260 567 illum,
282 510 362 556 nisi
382 511 419 556 ei
438 511 514 574 qui
533 520 660 574 putat
678 509 843 573 aliquid
862 527 949 555 csse
963 527 1211 567 commune,
1232 510 1296 556 illi
1316 529 1443 557 com-

67 604 89 626 ›>
113 599 243 628 mune
267 592 342 629 est.
371 582 483 627 Nam
507 582 540 627 si
559 591 742 645 propter
761 597 901 637 escam
924 579 1056 626 frater
1082 592 1182 626 tuus
1211 582 1445 628 conti-ista-

66 674 87 696 »
111 664 208 708 tur3
231 656 321 713 jam
346 670 434 698 non
458 652 697 698 secundum
728 650 985 697 charitatem
1014 651 1226 698 ambulas.
1270 651 1369 698 Noli
1398 652 1445 698 in

68 745 89 766 ³)
112 741 207 770 esca
232 734 306 770 tua
331 723 455 769 illum
479 723 677 786 perdere,
706 740 788 786 pro
809 740 897 786 quo
923 722 1125 769 Christus
1146 734 1344 769 mortuus
1363 732 1439 769 est.

67 815 89 838 »
115 796 214 841 Non
233 811 331 855 ergo
355 794 868 858 blasphemeturbonum
890 805 1100 840 nostrum.
1128 795 1227 840 Non
1251 805 1312 841 est
1334 794 1449 841 enim

68 886 90 908 »
111 882 292 926 regnum
315 865 395 910 Dei
415 882 510 911 esca
534 876 575 911 et
596 876 727 929 potus
776 864 850 910 sed
861 864 1032 924 justitia
1049 901 1059 920 ‚
1083 874 1125 909 et
1144 881 1228 926 pax
1246 901 1257 920 ‚
1282 876 1324 910 et
1337 881 1448 925 gau-

68 956 90 978 »
116 935 239 982 dium
256 936 303 981 in
329 936 498 999 Spiritu
517 935 780 992 sanct0.Qui
794 936 910 981 enim
925 935 971 980 in
984 934 1071 980 hoc
1094 935 1225 980 servit
1247 934 1444 990 Christo,

69 1026 90 1048 »
117 1005 262 1070 placet
289 1007 406 1062 Deo,
441 1017 483 1052 et
514 1007 726 1069 probatus
756 1017 818 1051 est
838 1005 1110 1051 hominibus.
1159 1005 1313 1067 Itaque
1347 1021 1449 1068 quae

69 1098 90 1120 »
112 1077 234 1141 pacis
255 1087 355 1123 sunt
372 1087 604 1133 sectemur,
635 1087 676 1122 et
700 1093 799 1140 quae
823 1076 877 1122 ad
909 1075 1243 1121 aedificationem
1273 1085 1374 1119 sunt
1405 1074 1450 1120 in

70 1168 92 1191 2>
116 1148 318 1193 invicem.
341 1147 441 1193 Noli
459 1159 637 1212 propter
653 1165 794 1194 escam
812 1147 1030 1193 destruere
1055 1163 1165 1209 opus
1182 1145 1449 1191 Dei.Omnia

71 1240 93 1265 η
119 1216 298 1281 quidem
324 1217 490 1262 munda
508 1254 518 1273 ‚
550 1218 623 1264 sed
643 1218 808 1267 malum
829 1227 893 1262 est
915 1216 1087 1262 homini
1111 1216 1186 1279 qui
1212 1233 1291 1279 per
1311 1217 1450 1262 offen-

71 1309 92 1331 »
117 1287 278 1333 sionem
298 1287 548 1334 manducat.
579 1288 754 1332 Bonum
777 1298 944 1332 estnon
963 1286 1227 1332 manducare
1254 1303 1447 1342 carnem,

74 1378 95 1400 »
121 1375 261 1421 neque
282 1358 436 1403 bibere
453 1357 606 1404 vinum
623 1395 634 1413 ‚
652 1375 792 1420 neque
817 1357 863 1403 in
882 1375 970 1421 quo
997 1357 1131 1402 frater
1150 1368 1250 1403 tuus
1275 1356 1453 1402 offendi-

74 1449 95 1470 »
124 1439 205 1475 tur.
248 1429 317 1474 Tu
353 1428 485 1474 fidem
510 1445 644 1491 quam
671 1428 808 1473 habes
842 1445 973 1491 penes
1004 1428 1305 1491 temetipsum,
1335 1426 1454 1472 habe

73 1520 94 1541 »
118 1516 265 1546 coram
291 1500 397 1546 Deo.
423 1499 581 1544 Beatus
608 1499 790 1561 quinon
807 1498 978 1557 judicat
1003 1499 1282 1561 semetipsum
1303 1497 1348 1542 in
1365 1513 1454 1560 quo

74 1593 95 1614 »
117 1572 288 1635 probat⁴
315 1571 403 1627 Qui
424 1581 567 1616 autem
587 1570 818 1626 discernit,
837 1570 873 1615 si
892 1569 1221 1616 manducaverit
1237 1606 1247 1626 ‚
1272 1568 1454 1614 damna-

76 1664 97 1684 n
121 1652 189 1688 tus
212 1652 274 1687 θεῖ
289 1678 299 1698 ,
322 1641 423 1704 quia
441 1658 529 1687 non
552 1658 599 1686 ex
619 1640 718 1687 fide.
752 1641 894 1686 Omne
915 1650 1057 1686 autem
1076 1639 1194 1704 quod
1219 1657 1308 1685 non
1327 1650 1389 1684 est
1405 1656 1452 1684 ex

75 1734 96 1755 >2
120 1712 230 1764 fide,
251 1723 482 1776 peccatum
503 1711 611 1758 est1.
626 1732 647 1753 n
672 1711 901 1775 Numquid
925 1721 1019 1772 eget
1034 1715 1295 1774 cujusquam
1316 1710 1456 1756 inter-

75 1783 345 1849 pretatione,
378 1795 427 1830 ut
450 1783 715 1843 intelligatur
733 1800 812 1829 cur
832 1783 918 1828 hoc
947 1782 1183 1846 Apostolus
1204 1781 1360 1828 dixerit
1381 1799 1391 1826 ε
1416 1791 1461 1827 θῖ

77 1865 239 1918 quanta
253 1854 318 1900 illi
332 1854 495 1900 malitia
516 1854 569 1900 de
587 1854 827 1917 Scripturis
844 1864 960 1899 certa
975 1869 1162 1917 quaeque
1180 1852 1455 1916 discerpunt,

78 1926 238 1988 quibus
255 1925 600 1971 circumveniant
614 1925 868 1987 imperitos?
894 1927 1002 1969 Nam
1019 1935 1060 1969 et
1076 1923 1238 1968 munda
1256 1940 1342 1968 esse
1359 1939 1458 1968 om·-

78 1997 150 2042 nia
173 1997 280 2042 dixit
296 1996 527 2059 Apostolus
542 1995 781 2041 secundum
806 1995 937 2040 fidem
956 2015 967 2049 ;
986 1995 1082 2040 etei
1104 2012 1190 2040 esse
1208 1993 1458 2051 immunda,

78 2067 155 2131 qui
179 2076 307 2130 putat
330 2066 587 2111 immunda:
623 2077 665 2111 et
687 2077 791 2111 tunc
815 2082 901 2111 esse
923 2067 977 2111 ab
1005 2066 1063 2111 eis
1088 2064 1422 2129 temperandum
1445 2101 1456 2120 ‚

80 2154 183 2184 cum
207 2154 285 2200 per
320 2137 596 2182 offensionem
632 2137 912 2199 accipiuntur
932 2173 942 2193 ,
980 2136 1027 2181 id
1060 2147 1151 2193 θεῖ,
1182 2153 1283 2183 cum
1308 2135 1462 2199 aliquis

80 2208 280 2255 infirmus
301 2218 432 2272 putat
459 2207 543 2253 sibi
564 2208 621 2253 ab
642 2208 845 2253 omnibus
866 2208 1074 2253 carnibus
1097 2206 1428 2271 temperandum
1446 2242 1458 2262 ‚

84 2296 135 2326 ne
158 2279 325 2325 incidat
353 2280 399 2325 in
425 2296 599 2325 carnem
626 2279 947 2324 immolatitiam
970 2298 980 2333 3
1023 2289 1064 2324 et
1099 2278 1199 2324 ideo
1241 2295 1340 2323 eum
1383 2277 1461 2341 qui

83 2349 345 2404 manducat,
391 2361 531 2413 potest
575 2349 779 2395 arbitrari
818 2350 863 2395 in
899 2349 1110 2396 honorem
1157 2349 1374 2395 idolorum
1411 2347 1458 2393 id

82 2420 222 2466 facere
243 2457 254 2476 ,
290 2431 398 2466 etex
414 2439 464 2467 eo
489 2422 674 2481 graviter
694 2420 854 2466 offendi
879 2439 888 2465 :
925 2438 1026 2466 cum
1059 2422 1153 2484 ipsa
1186 2418 1464 2466 immolatitia

75 2507 188 2537 ‚caro
207 2528 218 2547 ,
248 2491 281 2536 si
304 2509 350 2537 ex
366 2492 451 2538 fide
471 2511 494 2537 a
518 2491 729 2537 nesciente
751 2492 1011 2556 accipiatur,
1025 2492 1239 2538 neminem
1258 2489 1458 2536 maculet.

88 2561 213 2607 Unde
236 2561 320 2607 alio
348 2558 445 2608 loco
473 2562 589 2608 idem
631 2562 862 2626 Apostolus
893 2563 1150 2623 interrogari
1183 2571 1323 2617 vetat,
1365 2576 1467 2606 cum

138 2646 147 2666 ¹
170 2647 263 2676 Rom.
279 2656 346 2686 xiv,
366 2649 454 2682 1-23,
