1795 3253
282 309 457 340 CONTRA
492 308 736 340 EPls'roLAM
771 308 1028 350 MANICHAEI,
1068 311 1154 342 LIB.
1199 311 1228 341 1.
1370 312 1466 356 217

90 377 124 423 51
142 376 208 423 vel
227 374 472 421 admonitus
506 376 697 422 intuetur
718 386 848 439 atque
873 375 1134 433 considerat,
1156 376 1351 440 quisquis
1371 378 1466 422 Ma-

90 447 262 494 nichaeo
282 457 439 492 temere
461 447 662 503 credidit,
691 448 779 493 sine
803 447 1080 492 dubitatione
1104 448 1341 507 cognoscit,
1368 465 1468 493 cum

91 519 144 565 de
174 518 264 564 istis
296 517 460 563 naturis
484 518 695 582 loquitur,
729 518 781 563 de
805 519 932 564 bonis
965 518 1229 581 quibusdam
1262 536 1303 563 se
1326 518 1465 582 loqui,

90 588 164 634 sed
186 605 274 634 non
301 589 478 634 summis
501 599 541 634 et
566 588 857 645 infabricatis,
882 589 992 634 sicut
1025 600 1088 634 est
1116 590 1231 634 Deus
1257 606 1343 635 una
1367 590 1470 634 Tri--

90 659 227 712 nitas;
253 675 391 721 neque
422 658 475 704 de
506 659 574 705 his
610 659 833 706 fabricatis
864 676 964 723 quae
993 660 1238 705 sublimiter
1269 658 1470 705 ordinata

91 739 207 784 sunt,
234 729 363 774 sicuti
386 740 487 774 sunt
516 729 667 790 Angeli
692 730 829 775 sancti
851 740 894 775 et
913 730 1172 775 beatissimae
1198 731 1437 775 Potestates
1458 746 1468 774 :

93 799 166 845 sed
196 799 249 844 de
280 799 440 844 infimis
469 809 510 845 et
541 818 622 863 pro
647 800 711 846 sui
741 800 903 860 generis
926 800 1107 846 modulo
1138 800 1184 846 in
1212 800 1300 845 imo
1328 816 1473 845 rerum

95 869 304 915 ordinatis
336 870 492 924 bonis3
530 887 629 934 quae
668 871 773 916 dum
807 882 1119 934 comparantur
1153 871 1470 934 superioribus,

93 940 394 1004 vituperandae
417 941 472 986 ab
490 942 702 1005 imperitis
724 942 1044 995 existimantur3
1071 952 1112 987 et
1140 941 1247 987 dum
1271 941 1473 987 conside-

93 1023 214 1058 ratur
236 1022 447 1074 quantum
475 1012 544 1057 his
579 1012 689 1058 desit
720 1013 844 1069 boni,
871 1013 989 1076 quod
1015 1012 1099 1058 illis
1126 1012 1261 1067 adest,
1284 1011 1475 1072 ejusdem

94 1083 203 1128 boni
225 1082 418 1128 absentia
436 1082 539 1128 mali
556 1100 713 1129 nomen
732 1094 860 1132 tenet.
886 1086 940 1130 Et
960 1101 1037 1145 ego
1054 1083 1230 1147 quidem
1248 1093 1478 1146 propterea

95 1153 156 1199 sic
180 1153 234 1198 de
255 1153 346 1198 istis
371 1154 536 1200 naturis
556 1154 752 1218 disputo,
773 1155 981 1219 quoniam
1007 1173 1055 1201 ea
1076 1154 1359 1200 nominantur
1378 1169 1478 1216 quae

94 1224 140 1270 in
165 1224 251 1270 hoc
274 1224 441 1270 mundo
468 1236 572 1270 nota
597 1237 697 1271 sunt
716 1226 857 1273 nobis.
893 1227 1103 1272 Novimus
1128 1226 1240 1271 enim
1259 1224 1474 1278 tenebras,

97 1311 248 1357 aquas,
282 1305 448 1352 ventos,
477 1295 638 1355 ignem,
667 1296 838 1342 fumum
862 1296 1094 1342 :novimus
1124 1295 1250 1340 etiam
1278 1294 1480 1339 animalia

97 1364 329 1428 serpentia,
363 1365 576 1421 natantia,
612 1365 820 1423 volantia,
848 1365 1171 1430 quadrupedia,
1207 1363 1479 1428 bipedia2in

97 1434 260 1498 quibus
293 1435 515 1492 omnibus,
545 1437 731 1499 exceptis
771 1438 975 1492 tenebris,
1004 1453 1122 1500 quse,
1155 1446 1203 1481 ut
1234 1435 1338 1491 dixi,
1368 1433 1481 1479 nihil

98 1516 200 1551 sunt
222 1505 340 1552 aliud
362 1524 491 1570 quam
521 1506 631 1553 lucis
655 1509 866 1565 absentia,
893 1525 994 1573 quae
1014 1507 1150 1553 oculis
1175 1524 1262 1552 non
1290 1505 1481 1552 videndo

99 1576 424 1633 discernuntur,
447 1578 558 1623 sicut
578 1578 797 1624 silentium
816 1579 996 1624 auribus
1016 1596 1105 1623 non
1123 1576 1340 1623 audiendo
1357 1596 1368 1631 3
1394 1593 1483 1621 non

100 1648 202 1710 quia
233 1649 424 1693 tenebrae
450 1659 550 1693 sunt
576 1648 769 1712 aliquid,
798 1649 871 1695 sed
895 1649 999 1714 quia
1026 1649 1097 1694 lux
1128 1665 1218 1693 non
1250 1658 1336 1701 est3
1371 1646 1483 1692 sicut

100 1735 189 1763 non
216 1718 320 1782 quia
350 1718 571 1764 silentium
596 1731 657 1764 est
680 1720 861 1783 aliquid,
894 1720 966 1765 sed
987 1720 1091 1782 quia
1122 1735 1251 1764 sonus
1276 1735 1364 1763 non
1388 1727 1480 1763 est:

101 1789 289 1852 exceptis
320 1806 419 1848 ergo
453 1789 642 1834 tenebris
659 1790 704 1835 in
725 1791 810 1836 hac
834 1789 1178 1844 enumeratione,
1210 1798 1379 1834 caeterae
1401 1805 1484 1833 na-

101 1869 214 1905 turae
245 1869 363 1915 sunt,
397 1871 440 1905 et
469 1860 675 1905 omnibus
706 1871 822 1906 notae
843 1877 1058 1923 :quarum
1083 1860 1286 1922 speciem,
1314 1858 1417 1922 quia
1440 1858 1486 1903 in

103 1942 511 1995 quantumcumque
529 1942 615 1988 est,
641 1931 875 1978 laudabilis
898 1942 939 1977 et
957 1932 1074 1976 bona
1097 1941 1186 1986 est,
1216 1947 1343 1975 nemo
1373 1946 1485 1993 pru-

106 2002 209 2047 dens
233 2001 452 2047 abalienat
475 2002 530 2047 ab
555 2012 728 2047 auctore
753 2002 949 2047 omnium
967 2002 1186 2047 bonorum
1210 2001 1316 2046 Deo.

170 2072 349 2119 XXXV.
393 2073 504 2117 Nam
540 2072 611 2117 ille
648 2072 948 2120 Manichaeus.
990 2072 1100 2117 sicut
1137 2070 1274 2116 voluit
1311 2080 1487 2115 naturas

107 2160 212 2207 quas
235 2143 311 2189 1110
336 2143 492 2189 didicit
515 2143 716 2189 ordinare
738 2144 783 2189 in
813 2143 1130 2207 phantasmatis
1157 2142 1260 2197 suis,
1294 2141 1413 2187 velut
1441 2140 1487 2186 in

108 2226 231 2275 gente
245 2216 538 2269 tenebrarum,
557 2215 734 2260 omnino
753 2214 884 2260 falsus
903 2230 988 2259 esse
1005 2212 1296 2259 convincitur.
1317 2211 1484 2265 Primo,

110 2286 211 2350 quia
231 2286 423 2331 tenebrae
449 2285 562 2330 nihil
591 2296 772 2348 possunt
799 2285 993 2345 gignere,
1019 2295 1068 2329 ut
1098 2283 1268 2328 dictum
1297 2291 1372 2329 cst.
1406 2280 1491 2327 Sed

109 2373 198 2402 non
224 2355 343 2413 tales,
374 2356 534 2419 inquit,
563 2366 685 2400 erant
715 2355 802 2401 illae
835 2356 1040 2411 tenebrae,
1070 2353 1216 2417 quales
1250 2353 1325 2398 hic
1358 2352 1484 2398 nosti.

112 2425 237 2472 Unde
265 2444 365 2487 ergo
390 2444 456 2472 me
481 2426 534 2472 de
554 2426 638 2471 illis
664 2425 820 2472 doces?
844 2428 907 2471 An
924 2425 1034 2471 forte
1053 2436 1141 2470 tam
1162 2424 1368 2469 verbosus
1388 2422 1491 2467 doc-

113 2496 239 2542 trinae
261 2496 530 2560 pollicitator
555 2496 672 2555 cogis
694 2506 742 2541 ut
762 2495 968 2542 credam?
998 2494 1081 2540 Sed
1109 2493 1178 2539 fac
1208 2510 1273 2538 me
1298 2492 1485 2538 credere.

115 2567 233 2613 Illud
266 2578 410 2614 tamen
444 2569 550 2624 scio,
590 2566 708 2630 quod
733 2567 766 2612 si
796 2584 884 2612 non
907 2566 1135 2612 habebant
1167 2563 1357 2627 aliquam
1391 2580 1493 2626 spe-

116 2639 244 2697 ciem,
267 2639 379 2686 sicut
401 2641 494 2687 istae
517 2657 605 2686 non
633 2639 816 2696 habent,
846 2639 956 2685 nihil
982 2652 1183 2698 generare
1216 2645 1455 2699 potuerunt
1477 2651 1488 2681 z
