1795 3253
242 281 420 314 CONTRA
457 279 660 311 rAnsrUM
694 278 996 322 ΜΑΝΙΟΗΕΠΜ,
1036 282 1123 315 Lm.
1165 285 1258 318 xvl.
1364 272 1456 335 447

79 349 411 415 praetermiseris
428 384 438 404 ‚
462 346 692 392 cucurristi
716 345 858 392 dicere
884 365 893 392 :
920 370 939 389 α
959 347 1005 393 Si
1026 349 1146 396 nulla
1170 350 1331 407 fuerint
1346 391 1356 408 ‚
1383 371 1461 399 nee

80 422 281 468 Christus
314 420 460 484 potuit
498 435 732 465 asseverare
765 419 885 483 quod
922 439 1135 486 nusquam
1174 435 1237 469 est
1275 443 1285 469 ε
1328 426 1387 470 ita
1421 426 1457 471 si

79 492 282 538 Christus
293 491 381 537 hoc
396 490 573 536 minime
590 489 888 536 asseveraverit
904 528 914 547 ‚
934 492 1178 556 capitulum
1197 494 1283 541 hoc
1300 496 1457 542 falsum

78 579 165 608 esse
188 560 441 608 constiterit.
462 582 483 601 »
509 561 548 606 O
573 560 793 606 hominem
819 577 860 605 se
884 562 1146 622 cogitantem
1166 563 1395 622 dictorem,
1420 578 1462 611 et

81 633 213 679 alium
232 650 323 678 non
350 632 614 692 cogitantem
648 630 1029 680 contradictorem.
1068 633 1154 679 Ubi
1191 645 1252 679 est
1278 653 1461 682 acumen

86 705 237 749 tuum?
262 704 330 750 An
362 703 408 748 in
442 701 556 747 mala
597 718 724 747 causa
753 719 840 747 non
865 719 1010 765 posses
1045 703 1200 751 aliter?
1238 705 1322 752 Sed
1350 707 1463 753 mala

85 791 214 820 causa
232 783 273 819 te
296 791 407 820 vana
429 773 551 836 loqui
575 772 720 832 co'e'git
746 790 757 817 ι
785 772 945 818 malam
972 792 1073 819 vero
1102 775 1265 821 hahere
1290 794 1465 823 causam

84 861 214 890 nemo
241 854 283 890 te
301 845 431 904 cogit.
465 843 585 901 Quid
604 843 638 888 si
661 843 775 889 enim
794 842 875 889 alia
899 843 1137 891 dabimus?
1165 847 1291 893 Certe
1315 848 1465 911 utique

85 932 173 960 non
191 926 320 961 erunt
343 915 463 961 nulla
479 953 489 970 ‚
518 915 620 979 quia
644 924 769 960 erunt
793 914 952 978 aliqua.
984 917 1040 961 Et
1072 917 1106 962 si
1131 929 1258 963 erunt
1287 918 1431 983 aliqua
1452 957 1463 977 ‚

85 984 230 1048 potuit
251 985 453 1032 Christus
474 985 562 1030 hoc
587 1002 823 1031 asseverare
843 985 964 1048 quod
991 999 1066 1033 est.
1110 988 1177 1032 Ita
1203 988 1237 1033 si
1266 989 1466 1035 Christus

86 1056 174 1102 hoc
193 1073 430 1103 asseverare
453 1056 599 1120 potuit
618 1094 629 1111 ‚
657 1056 898 1120 capitulum
923 1057 1033 1103 illud
1060 1058 1370 1118 Evangelicum
1388 1060 1468 1106 fal-

87 1143 184 1171 sum
203 1143 289 1172 esse
312 1145 401 1173 non
425 1137 605 1173 constat.
630 1126 742 1171 Redi
766 1144 865 1187 ergo
888 1127 942 1172 ad
960 1128 1305 1192 propositionem
1327 1141 1466 1187 tuam,

88 1213 176 1260 qua
199 1196 373 1243 dixisti:
392 1199 514 1243 «Aut
532 1197 614 1242 alia
633 1196 813 1253 dabitis,
841 1209 915 1243 aut
937 1198 1056 1244 nulla
1074 1210 1201 1244 erunt
1222 1217 1232 1244 :
1260 1222 1280 1242 »
1303 1211 1345 1246 et
1368 1201 1468 1247 vide

90 1284 180 1312 non
204 1277 244 1312 te
269 1268 501 1314 ostendisse
524 1268 641 1314 nulla
657 1284 735 1312 nos
755 1267 837 1313 alia
856 1268 1092 1316 datur·os.V
1097 1269 1166 1315 ide
1189 1271 1317 1316 etiam
1337 1289 1469 1335 quam

90 1337 226 1384 multa
253 1339 334 1385 alia
346 1344 437 1399 jam
462 1357 592 1403 supra
607 1338 871 1395 dederimus,
894 1350 935 1384 et
955 1340 1063 1404 quid
1083 1340 1188 1385 hinc
1213 1343 1473 1388 conficiatur

95 1409 268 1455 adverte
284 1447 294 1465 ,
318 1410 483 1457 scilicet
516 1428 605 1456 non
632 1428 719 1455 esse
745 1409 899 1455 falsum
917 1447 928 1466 ‚
961 1411 1080 1473 quod
1115 1412 1162 1456 in
1188 1413 1471 1473 Evangelium

94 1481 322 1528 Christum
346 1481 497 1528 dixisse
520 1482 700 1542 legimus
729 1499 738 1526 :
763 1482 849 1527 «Si
876 1482 1105 1528 crederetis
1130 1484 1295 1546 Moysi,
1319 1484 1473 1530 crede-

94 1574 114 1593 »
137 1553 236 1598 retis
262 1563 303 1598 et
326 1554 437 1598 mihi
458 1573 469 1607 ς
496 1553 549 1599 de
571 1571 637 1598 me
657 1552 772 1598 enim
799 1552 871 1598 ille
892 1553 1109 1617 scripsit'l.
1133 1576 1152 1594 >2
1174 1556 1230 1600 Et
1253 1555 1475 1615 Evangelii

94 1623 269 1686 quidem
286 1635 375 1669 tam
394 1625 583 1670 eminens
596 1635 658 1669 est
677 1624 912 1669 auctoritas
925 1635 967 1669 et
989 1635 1074 1669 tam
1100 1624 1283 1671 fundata
1301 1627 1472 1683 veritas,

95 1705 144 1739 ut
165 1694 294 1739 etiam
320 1695 355 1739 si
389 1711 466 1739 nos
492 1705 674 1757 propter
713 1693 959 1739 tarditatem
990 1694 1287 1754 intelligentiae
1318 1708 1477 1743 nostrae

96 1763 215 1809 nulla
235 1764 525 1810 inveniremus
545 1782 566 1808 a
586 1765 735 1825 Moyse
759 1764 922 1826 scripta
943 1763 997 1808 de
1018 1764 1212 1821 Christo,
1231 1783 1318 1812 non
1337 1767 1477 1813 solum

86 1851 183 1879 esse
206 1833 350 1897 aliqua
369 1871 379 1890 9
404 1834 477 1889 scd
498 1833 551 1880 ad
578 1833 803 1878 Christum
830 1834 972 1879 omnia
994 1837 1207 1897 pertinere
1224 1854 1325 1900 quae
1345 1839 1481 1902 scrip-

98 1905 176 1962 sit,
202 1906 304 1970 quia
332 1923 420 1951 non
450 1905 508 1952 ait
537 1923 547 1950 ε
581 1907 635 1950 Et
659 1904 712 1950 de
731 1922 798 1949 me
823 1905 1024 1968 scripsit;
1048 1906 1120 1951 sed
1149 1924 1159 1951 ε
1182 1928 1201 1948 α
1228 1909 1290 1953 De
1314 1926 1381 1954 me
1404 1909 1477 1954 ille

65 2024 72 2028 .
103 2000 124 2018 υ
143 1977 334 2040 scripsit;
348 1999 366 2018 n
381 1976 556 2022 credere
575 1975 846 2022 deberemus,
864 1977 1235 2022 Nuncautemetsi
1248 1977 1392 2024 deisto
1416 1979 1479 2023 Ε-

103 2046 504 2110 vangeliicapitulo‚
518 2046 637 2110 quod
655 2046 783 2100 absit,
797 2045 1092 2092 dubitandum
1105 2057 1227 2103 esset,
1249 2049 1485 2112 compertis

103 2127 192 2162 tam
219 2116 366 2162 multis
396 2117 441 2162 in
479 2117 709 2180 Scriptura
732 2117 877 2179 Moysi
909 2117 963 2162 de
993 2118 1171 2163 Christo
1190 2120 1444 2166 testimoniis
1466 2158 1478 2177 ,

105 2187 244 2232 omnis
260 2187 333 2233 illa
350 2187 568 2233 dubitatio
591 2186 810 2232 tolleretur
833 2205 843 2232 ε
867 2198 908 2232 et
928 2189 1030 2251 quia
1048 2188 1101 2234 de
1120 2189 1314 2251 capitulo
1334 2190 1482 2237 Evan-

106 2258 204 2318 gelii
235 2258 531 2305 dubitandum
555 2276 643 2304 non
669 2269 758 2314 est,
797 2258 927 2304 etiam
969 2260 1003 2305 si
1043 2259 1117 2305 illa
1141 2272 1365 2326 comperta
1395 2279 1484 2308 non

106 2339 264 2385 essent,
291 2347 376 2376 esse
404 2341 547 2376 tamen
573 2329 690 2375 credi
714 2340 947 2392 oporteret.

172 2400 356 2447 XXVH.
385 2402 496 2446 Nam
519 2400 629 2446 illud
648 2400 766 2464 quod
785 2400 983 2461 adJ'ungis
1001 2418 1011 2446 :
1037 2423 1057 2443 α
1079 2401 1337 2448 Dissimilem
1357 2401 1488 2450 fuisse

111 2471 385 2517 traditionem
406 2471 570 2517 Christi
591 2481 718 2536 atque
740 2472 936 2535 Moyseos
948 2509 959 2529 ,
980 2483 1023 2518 et
1041 2471 1139 2518 ideo
1160 2489 1248 2518 non
1268 2473 1396 2519 fuisse
1410 2490 1489 2520 ve-

108 2543 286 2589 risimile
299 2580 312 2600 ,
352 2553 400 2589 ut
423 2543 458 2590 si
481 2543 706 2590 crederent
731 2544 874 2606 Moysi
897 2581 909 2600 ‚
938 2542 1168 2591 crederent
1198 2554 1240 2589 et
1274 2544 1452 2591 Christo
1473 2564 1486 2600 ;

158 2626 170 2649 ¹
188 2628 286 2660 Joan.
304 2636 335 2665 v,
355 2627 412 2664 46.
