1795 3253
88 294 258 325 CONTRA
297 292 566 327 AthlANTEM
600 291 833 323 MANICHAEI
871 291 1087 323 DlsfflrUL.
1132 293 1217 322 [ΑΒ.
1262 294 1291 321 1.
1374 277 1459 339 149

86 361 148 422 gis
175 377 274 425 quae
296 376 375 424 per
395 361 574 422 Moysen
597 357 697 403 data
723 367 801 412 est,
824 357 1052 402 confirmat
1069 357 1304 413 Dominus,
1329 367 1370 403 et
1390 367 1459 402 ta-

85 451 182 480 men
205 431 420 478 cavendos
445 441 487 476 ct
511 429 736 491 fugiendos
770 446 855 474 esse
878 445 1015 474 mores
1052 446 1200 474 eorum
1220 466 1230 484 ,
1257 429 1333 492 qui
1363 429 1460 489 Legi

82 520 211 567 quam
227 512 483 566 acceperant
502 518 588 546 non
612 499 1000 562 obtemperabant,
1029 499 1291 563 apertissime
1320 509 1460 544 osten-

83 575 160 621 dit.
194 574 289 619 Istis
333 584 474 619 autem
507 570 861 635 perversitatibus
889 570 975 614 suis
998 570 1242 625 faciebant,
1286 580 1332 614 ut
1357 586 1459 614 cum

83 644 234 709 aliquis
252 643 420 704 gentilis
436 643 489 688 ad
514 645 668 701 Legem
694 658 842 687 eorum
866 641 1103 696 transisset,
1131 640 1176 686 id
1199 651 1260 685 est
1276 677 1285 695 ,
1315 640 1459 686 factus

79 726 186 762 esset
204 714 446 778 proselytu,
487 714 670 759 haberet
688 730 832 759 moresv
849 730 1016 768 eorum,
1044 724 1084 758 et
1103 714 1224 758 fieret
1247 711 1359 756 filius
1376 729 1452 772 ge-

78 788 252 842 hennae,
276 786 414 832 multo
456 785 689 849 plusquam
708 785 793 848 ipsi
815 796 965 831 essent.
999 786 1176 830 Dabant
1193 783 1307 829 enim
1328 800 1454 843 mag-

75 875 175 902 nam
202 874 378 920 operam
400 866 447 902 ut
468 856 648 901 Judaeus
669 857 789 901 fieret
817 855 971 918 aliquis
1011 872 1059 900 ex
1087 855 1290 915 gentibus
1309 865 1350 899 et
1369 854 1455 899 Ju-

76 927 222 974 daeum
245 928 409 974 factum
427 928 641 987 cogebant
661 944 758 972 suos
782 944 920 972 mores
938 927 1146 990 pessimos
1176 925 1351 972 imitari.

142 999 292 1062 Neque
319 997 430 1044 illud
463 997 580 1061 quod
616 997 670 1043 de
706 997 914 1060 Apostolo
944 1008 1152 1061 tanquam
1185 996 1455 1042 contrarium

73 1079 411 1123 commemorat,
441 1069 588 1131 potuit
616 1068 834 1113 advertere
860 1068 1120 1113 Adimantus
1151 1066 1424 1112 Manichaeus
1441 1104 1452 1121 ,

72 1140 250 1185 omnino
275 1157 362 1184 non
388 1156 474 1184 esse
497 1139 765 1184 contrarium
784 1157 794 1183 ε
811 1139 912 1201 quia
939 1150 1052 1184 totus
1076 1143 1165 1198 ejus
1186 1137 1337 1183 oculus
1369 1154 1456 1182 non

72 1210 125 1254 ad
160 1209 499 1273 inquisitionem,
523 1210 596 1255 sed
619 1210 673 1254 ad
697 1210 1076 1272 reprehensionem
1109 1208 1350 1271 Scripturae
1382 1208 1456 1252 in—

72 1290 212 1325 tentus
244 1290 347 1327 erat.
392 1280 718 1325 Commemorat
750 1281 865 1324 enim
907 1279 1121 1325 dicentem
1157 1278 1449 1341 Apostolum:

69 1372 89 1392 c<
117 1351 410 1397 Circumcisus
435 1350 589 1414 aliquis
621 1360 800 1395 vocatus
828 1360 906 1405 est,
936 1368 1024 1395 non
1048 1350 1239 1395 adducat
1265 1365 1453 1411 praepu-

69 1443 88 1463 ›>
115 1422 235 1467 tium.
261 1423 312 1467 In
329 1422 550 1485 praeputio
564 1421 662 1483 quis
678 1431 859 1465 vocatus
875 1432 954 1475 est,
976 1439 1061 1466 non
1077 1419 1446 1466 circumcidatur:

68 1514 88 1535 »
112 1493 214 1556 quia
235 1492 506 1556 praeputium
524 1491 639 1536 nihil
660 1501 738 1546 est,
769 1502 809 1536 et
832 1491 1107 1537 circumcisio
1135 1490 1249 1536 nihil
1273 1500 1350 1543 est,
1375 1490 1449 1535 sed

67 1584 87 1604 »
111 1563 356 1608 observatio
373 1572 697 1626 praeceptorum
719 1560 842 1607 Deil.
867 1583 887 1602 »
907 1561 1028 1618 Quid
1049 1561 1163 1606 enim
1181 1559 1449 1605 manifestius

65 1651 197 1697 quam
224 1633 310 1678 hoc
341 1631 601 1696 Apostolum
626 1631 894 1695 praecipere,
929 1643 976 1677 ut
1006 1633 1305 1695 unusquisque
1335 1630 1450 1676 sicut

63 1715 243 1750 vocatus
276 1714 384 1760 erat,
420 1704 480 1749 sic
512 1706 732 1748 maneret?
768 1703 1113 1748 Advenientibus
1144 1702 1258 1747 enim
1294 1701 1443 1753 rebus,

63 1791 249 1837 quarum
281 1784 404 1819 erant
431 1773 600 1819 umbrae
630 1772 715 1818 illae
739 1773 1076 1829 observationes,
1113 1772 1157 1817 id
1190 1784 1333 1817 actum
1365 1782 1444 1828 est,

62 1855 110 1890 ut
133 1845 426 1890 ostenderetur
446 1845 490 1889 in
515 1844 620 1907 ipsis
641 1842 808 1889 umbris
828 1861 914 1889 non
933 1861 1017 1889 esse
1035 1861 1153 1907 spem
1174 1841 1443 1906 ponendam,

61 1916 134 1961 sed
168 1916 214 1961 in
247 1916 350 1979 ipsis
384 1915 515 1960 rebus
551 1932 659 1978 quas
693 1913 780 1959 illae
814 1915 984 1960 umbrae
1020 1914 1326 1974 significabant
1360 1930 1446 1959 esse

60 1997 279 2042 venturas,
312 1985 358 2031 id
387 1996 467 2041 est,
504 1985 731 2031 Christum
760 1995 803 2030 et
837 1986 1088 2031 Ecclesiam.
1131 1985 1185 2029 Et
1214 1994 1445 2048 propterea

59 2057 132 2103 illa
147 2061 237 2117 jam
263 2056 409 2102 omnia
430 2056 574 2101 inania
593 2066 828 2101 erantznec
849 2067 992 2101 tamen
1014 2074 1059 2102 ea
1082 2067 1290 2120 tanquam
1317 2055 1443 2100 noxia

58 2126 336 2181 removenda,
358 2125 432 2172 sed
451 2136 655 2189 tanquam
676 2127 896 2189 superflua
916 2125 1233 2172 contemnenda
1256 2127 1442 2188 Aposto-

57 2198 124 2244 lus
142 2197 348 2262 praecipit
363 2215 373 2242 ι
390 2208 439 2242 ut
458 2197 491 2242 si
508 2197 605 2260 quis
621 2198 646 2241 J
652 2196 802 2243 udaeus
823 2198 998 2243 Christo
1018 2197 1287 2253 credidisset,
1307 2213 1441 2259 prop-

56 2279 121 2315 ter
146 2268 421 2314 offensionem
442 2284 618 2313 suorum
645 2285 733 2313 non
755 2268 1068 2331 prohiberetur
1092 2268 1138 2313 in
1161 2267 1265 2331 ipsis
1290 2284 1439 2330 super-

57 2339 155 2385 fluis
168 2355 404 2395 remanere,
426 2355 505 2383 nec
522 2349 663 2383 tamen
682 2339 724 2383 in
745 2339 802 2384 eis
821 2338 1000 2385 salutem
1015 2357 1137 2385 suam
1159 2338 1437 2384 constitutam

55 2419 230 2473 putaret
246 2426 357 2455 :non
378 2409 491 2454 enim
511 2409 628 2468 signa
650 2409 740 2466 illa,
771 2409 842 2455 sed
862 2427 909 2455 ea
935 2427 1034 2473 quae
1048 2410 1118 2455 his
1137 2409 1437 2469 significantur

54 2481 101 2526 in
121 2479 301 2525 salutem
323 2479 623 2525 introducunt.
658 2478 846 2543 Ideoque
865 2502 885 2521 ι(
909 2481 1185 2544 Praeputium
1210 2478 1322 2524 nihil
1349 2488 1430 2534 est,

56 2561 139 2597 »et
164 2551 436 2597 circumcisio
473 2550 586 2598 nihil
619 2561 697 2607 est,
736 2551 809 2597 sed
845 2552 1087 2599 observatio
1127 2549 1433 2597 mandatorum

102 2636 113 2658 ¹
138 2647 150 2667 1
171 2637 243 2670 Cor.
266 2637 399 2680 v11‚18,
426 2648 477 2677 19.
