1795 3253
251 264 426 296 CONTRA
461 263 664 300 nusum
697 263 1002 306 MANICHAEUM,
1041 266 1127 298 Lm.
1168 268 1248 299 xit.
1356 254 1448 301 355

80 330 135 383 de
160 330 250 386 istis
271 329 488 377 verissime
509 328 599 376 dici
636 337 806 393 potest,
845 329 921 393 qui
954 330 999 375 in
1028 341 1145 376 tanta
1174 333 1454 380 multitudine

81 402 442 458 testimoniorum,
479 401 525 447 in
547 410 664 451 tanta
689 399 972 466 dispositione
989 403 1378 464 praenuntiatarum
1395 422 1457 450 re-

81 491 198 530 rum,
223 473 269 518 in
296 482 415 518 tanta
447 470 785 518 manifestatione
817 470 1133 533 completarum
1153 510 1163 527 ‚
1196 473 1342 519 adhuc
1383 474 1455 520 di-

82 555 187 595 cunt
231 543 469 607 Scripturis
508 542 590 588 illis
626 540 849 593 Christum
885 558 972 586 non
1006 559 1091 588 esse
1120 544 1447 606 prophetatum.

83 615 216 672 Quod
234 614 270 661 si
293 614 451 660 iterum
476 624 605 676 atque
624 613 801 658 iterum
836 611 1002 668 dicant,
1048 631 1125 658 nos
1145 614 1301 660 iterum
1327 628 1456 679 atque

82 687 235 733 iterum
259 701 486 748 possumus
511 684 771 730 documenta
793 682 1003 746 proferre,
1030 683 1264 744 adjuvante
1286 686 1361 732 illo
1380 688 1456 750 qui

82 767 247 805 tantam
272 755 447 819 copiam
473 756 669 818 praebuit·
697 754 900 801 adversus
923 754 1161 800 calumnias
1185 758 1338 803 erroris
1366 758 1456 804 hu·-

81 827 216 881 mani,
244 837 293 872 ut
311 843 359 871 ea
375 843 474 889 quae
492 830 585 886 jam
607 825 1059 879 commemoravimus,
1088 842 1175 870 non
1191 839 1448 890 repetamus,

146 897 278 943 XLV.
313 897 410 942 Jam
435 914 569 960 porro
589 896 715 943 aliam
736 896 880 942 Fausti
895 895 1302 956 tergiversationem,
1325 916 1457 962 quam

82 967 230 1024 credo,
245 984 347 1013 cum
370 978 412 1013 et
432 968 523 1031 ipse
534 967 865 1031 praeclarissima
885 966 1133 1030 prophetiae
1149 966 1246 1013 luce
1258 985 1458 1032 repercu-

83 1050 271 1096 teretur,
305 1038 608 1097 calidissimam
638 1056 680 1084 se
703 1039 912 1084 invenisse
935 1038 1170 1084 arbitratus
1190 1050 1252 1084 est
1273 1078 1284 1096 ,
1328 1041 1458 1087 etiam

81 1110 271 1157 refellere
294 1111 430 1173 piget,
458 1128 509 1155 ne
531 1121 762 1173 propterea
778 1120 956 1172 putetur
979 1109 1143 1173 aliquid
1162 1110 1329 1167 dixisse,
1355 1113 1460 1176 quia

82 1182 120 1227 ei
139 1180 390 1244 responderi
413 1180 597 1240 dignum
622 1180 825 1225 habitum
847 1191 923 1227 est.
951 1180 1060 1235 Quis
1084 1182 1197 1226 enim
1222 1182 1459 1228 dementis—

82 1252 214 1297 simus
231 1250 410 1307 diceret‚
437 1251 602 1297 enervis
626 1268 711 1295 esse
734 1250 853 1306 fidei,
871 1250 923 1296 de
939 1250 1116 1296 Christo
1137 1252 1225 1297 sine
1250 1263 1353 1298 teste
1372 1270 1460 1299 non

84 1322 255 1369 credere
267 1325 285 1368 ἶ)
299 1321 460 1367 Vellem
475 1321 584 1367 mihi
596 1321 665 1366 isti
684 1321 1010 1384 responderent.
1029 1322 1203 1367 cuinam
1218 1323 1270 1368 de
1285 1324 1461 1370 Christo

83 1393 168 1457 ipsi
199 1391 511 1438 credidissent:
561 1410 614 1438 an
639 1391 759 1438 illam
802 1409 953 1439 Vocem
984 1392 1038 1437 de
1077 1393 1191 1438 coelo
1227 1394 1461 1440 audierunt

83 1485 103 1506 α
122 1464 207 1509 Hic
231 1474 292 1509 est
312 1463 445 1508 Filius
472 1479 592 1508 meus
608 1461 641 1509 1.
671 1484 692 1504 »
718 1463 770 1508 Ei
791 1463 957 1526 quippe
990 1463 1086 1509 voci
1118 1464 1264 1526 potius
1283 1466 1464 1512 Faustus

83 1552 161 1582 nos
179 1535 308 1594 jubet
328 1534 518 1592 credere,
547 1535 623 1598 qui
656 1533 709 1578 de
730 1534 909 1578 Christo
944 1551 1030 1577 non
1048 1533 1144 1577 vult
1172 1534 1354 1580 testibus
1378 1535 1467 1581 ho-

83 1606 275 1651 minibus
298 1605 416 1651 credi
432 1643 443 1662 ,
469 1604 591 1669 quasi
611 1603 665 1649 ad
683 1620 762 1648 nos
789 1602 915 1648 etiam
940 1602 1135 1662 ejusdem
1156 1605 1274 1649 vocis
1310 1607 1464 1652 notitia

85 1677 175 1722 sine
197 1675 374 1722 homine
412 1686 516 1720 teste
539 1673 802 1738 pervenerit,
844 1689 945 1718 cum
969 1683 1012 1718 et
1036 1672 1309 1720 manifestum
1326 1675 1381 1721 sit
1402 1677 1463 1723 sic

83 1763 178 1792 eam
202 1746 460 1810 pervenisse,
494 1755 543 1791 ut
562 1743 794 1809 Apostolus
824 1742 944 1788 dicat
966 1761 976 1788 ε
1002 1764 1022 1784 «
1045 1743 1280 1800 Quomodo
1320 1757 1467 1793 autem

83 1840 105 1860 »
121 1818 419 1874 invocabunt,
443 1818 489 1862 in
516 1833 647 1881 quem
668 1833 756 1861 nou
789 1814 1102 1860 crediderunt?
1132 1816 1219 1860 Aut
1243 1817 1466 1880 quomodo

84 1913 105 1933 ))
127 1889 303 1936 credent
324 1907 455 1953 quem
478 1904 567 1934 non
595 1887 858 1933 audierunt?
875 1886 1109 1943 Quomodo
1130 1898 1272 1932 autem
1289 1888 1466 1936 audient

84 1985 106 2005 »
126 1963 216 2008 sine
238 1961 540 2024 praedicante?
574 1960 662 2003 Aut
695 1956 918 2020 quomodo
946 1957 1258 2020 praedicabunt
1279 1996 1290 2015 ,
1317 1958 1351 2004 si
1373 1977 1463 2008 non

86 2056 107 2077 »
133 2032 391 2079 mittantur?
418 2029 542 2075 Sicut
581 2027 795 2091 scriptum
828 2037 912 2072 est:
939 2028 1083 2084 Quam
1110 2029 1291 2092 speciosi
1315 2048 1465 2078 eorum

86 2128 107 2148 »
129 2104 261 2169 pedes
289 2102 367 2166 qui
390 2100 650 2147 annuntiant
673 2116 846 2163 pacem,
870 2099 946 2162 qui
971 2100 1232 2146 annuntiant
1249 2101 1420 2149 bona2!
1445 2127 1466 2147 »

85 2174 250 2222 Videtis
281 2183 394 2219 certe
419 2169 793 2236 quemadmodum
839 2169 1200 2249 praedicationem
1245 2170 1461 2222 doctrinae

88 2245 338 2326 apostolicae
360 2281 372 2302 ,
418 2242 733 2307 propheticum
771 2241 1068 2288 testimonium
1117 2242 1363 2292 comitetur.
1407 2247 1467 2293 Ut

87 2318 204 2364 enim
228 2334 316 2364 non
352 2323 763 2369 contemnerentur,
803 2329 942 2376 neque
973 2311 1170 2359 fabulosa
1202 2313 1466 2362 ducerentur

89 2406 189 2455 quae
225 2386 422 2452 Apostoli
455 2383 808 2440 annuntiabant,
846 2383 1261 2431 demonstrabantur
1296 2385 1395 2432 haec
1437 2405 1463 2433 a

88 2460 326 2526 Prophetis
361 2468 459 2504 ante
481 2456 611 2502 fuisse
640 2454 880 2519 praedicta.
907 2455 1010 2519 quia
1031 2455 1109 2501 etsi
1145 2456 1464 2504 attestabantur

89 2531 319 2590 miracula,
341 2546 432 2577 non
454 2527 704 2583 defuissent,
734 2525 876 2589 (sicut
897 2526 1027 2574 etiam
1057 2543 1176 2574 nunc
1198 2525 1347 2575 adhue
1360 2529 1465 2593 qui-

139 2616 352 2653 ¹Mauh.u1‚
374 2618 572 2655 17,etxv11‚
595 2611 627 2645 5.
648 2629 690 2636 -
706 2607 832 2646 2R0m.
849 2621 882 2654 x,
905 2615 960 2647 14.

1222 2665 1300 2713 23.
