1795 3253
309 286 402 339 [4⁴22
734 302 773 331 S.
812 300 1057 332 AUGUSTINI
1090 297 1297 331 EPISCOI‘I

308 370 432 435 quod
456 370 571 416 Deus
595 386 696 417 suus
720 371 982 436 disposuerit
1015 370 1067 416 ad
1102 370 1327 416 Abraham
1345 369 1382 427 1,
1426 370 1698 435 affirmatque

310 441 427 505 quod
451 441 643 486 virorum
669 442 864 506 quisquis
888 443 972 488 hoc
997 458 1082 486 non
1113 441 1358 500 gestaverit,
1385 441 1696 487 exterminabi-

306 511 462 557 turille
481 511 534 556 de
557 512 674 557 tribu
696 529 793 568 sna,
819 524 861 558 et
886 511 1172 566 luereditatiS,
1199 527 1299 574 quae
1320 511 1512 558 Abrahae
1536 528 1693 575 repro-

307 583 433 629 missa
448 583 502 628 sit
525 599 574 629 ac
592 584 743 629 semini
765 588 874 644 ejus,
895 602 983 629 non
1002 583 1144 628 veniet
1164 582 1209 627 in
1229 582 1512 629 consortium.
1543 582 1696 628 Ethoc

309 671 410 715 ergo
432 653 577 699 Judaei
599 654 728 700 valde
744 655 1037 709 crediderant,
1066 664 1329 699 asseverante
1350 653 1500 716 Moyse
1525 670 1534 697 :
1563 652 1694 698 idcir-

309 743 447 789 coque
463 725 592 771 iidem
613 726 788 772 Christo
808 726 970 773 habere
983 743 1069 771 non
1083 735 1282 788 poterant
1297 724 1533 770 infirmanti
1558 741 1625 777 ea,
1649 735 1691 770 et

311 798 493 860 insuper
516 798 769 843 asseveranti
792 797 911 862 quod
927 796 1162 860 dupliciter
1179 796 1388 856 gehennae
1412 795 1527 841 filius
1550 795 1688 851 fieret,

309 868 387 932 qni
412 869 818 915 essetcircumeisus
840 870 874 915 2.
897 871 1005 914 Item
1037 869 1205 931 Moyses
1223 867 1463 913 carnalium
1487 866 1690 912 ciborum

307 938 538 984 sollicitam
572 938 676 984 facit
710 939 1038 994 discretionem,
1066 949 1107 983 et
1131 939 1241 983 inter
1264 938 1402 1002 pisces
1428 954 1476 982 ac
1501 936 1698 982 volucres

308 1020 350 1054 et
379 1009 683 1073 quadrupedia
709 1009 925 1056 helluonis
951 1011 993 1055 in
1016 1008 1195 1055 modum
1217 1008 1481 1072 disceptator
1505 1007 1622 1053 sedet
1643 1007 1690 1061 ³3

301 1080 515 1144 jubetque
535 1080 616 1125 alia
653 1081 833 1145 quidem
857 1080 1082 1141 abliguriri
1115 1097 1196 1144 pro
1240 1079 1430 1135 mundis,
1481 1078 1562 1124 alia
1588 1095 1691 1124 vero

309 1168 391 1214 pro
417 1151 656 1197 immundis
698 1168 751 1197 ne
781 1152 978 1211 contingi
1008 1151 1186 1215 quidem
1215 1169 1224 1195 ε
1249 1167 1437 1214 quorum
1479 1149 1524 1194 in
1568 1159 1691 1212 parte

306 1238 494 1286 porcum
532 1232 648 1267 taxat
678 1233 720 1267 et
758 1222 949 1285 leporem
971 1260 981 1277 ,
1005 1233 1046 1267 et
1068 1223 1100 1267 si
1136 1221 1242 1286 quid
1271 1222 1316 1266 in
1343 1220 1536 1285 piscibus
1570 1229 1690 1265 caret

309 1310 506 1359 squama,
530 1293 669 1338 autin
697 1293 1065 1358 quadrupedibus
1090 1293 1299 1353 ungulam
1327 1294 1473 1339 fissam
1496 1308 1584 1336 non
1624 1291 1702 1337 ha-

314 1365 390 1410 bet
410 1401 420 1420 ,
447 1380 526 1410 nec
568 1364 774 1410 ruminat.
809 1365 863 1409 Et
890 1364 988 1409 haec
1013 1381 1114 1424 ergo
1134 1363 1283 1409 Judaei
1305 1362 1477 1408 fortiter
1499 1361 1702 1408 credide-

314 1445 443 1490 runt,
471 1434 688 1480 scribente
711 1436 860 1498 Meyse
887 1452 898 1480 ι
925 1434 1182 1498 idcircoque
1206 1434 1384 1480 Christo
1415 1437 1506 1493 jam
1530 1432 1704 1479 credere

315 1523 404 1552 non
429 1516 633 1570 poterant
671 1506 1007 1552 indifferentiam
1039 1506 1215 1552 docenti
1241 1506 1470 1562 ciborum,
1496 1515 1538 1551 et
1562 1523 1584 1550 a
1615 1505 1702 1551 suis

311 1576 490 1642 quidem
506 1576 744 1640 Discipulis
758 1578 903 1623 onmia
922 1577 1097 1641 penitus
1118 1578 1358 1624 removenti
1376 1596 1388 1631 3
1419 1574 1704 1622 saecularibus

310 1664 410 1694 vero
432 1647 568 1707 vulgo
598 1647 854 1694 concedenti
876 1649 1022 1694 omnia
1048 1665 1149 1712 quae
1173 1659 1348 1712 possent
1368 1647 1458 1704 edi,
1486 1657 1614 1710 atque
1633 1664 1704 1692 as-

320 1719 533 1765 severanti
558 1719 677 1781 quod
695 1736 764 1765 eos
780 1719 894 1765 nihil
915 1720 959 1764 in
976 1736 1022 1765 os
1040 1719 1205 1765 intrans
1228 1719 1465 1782 pollueret3
1491 1718 1593 1782 quia
1604 1733 1705 1781 quae

316 1789 369 1835 de
396 1807 468 1835 ore
496 1788 777 1852 impudenter
800 1789 1065 1853 procedant,
1091 1807 1140 1835 ea
1168 1789 1257 1835 sola
1277 1791 1362 1834 sint
1380 1805 1480 1852 quae
1503 1787 1706 1851 polluant

315 1861 539 1906 hominem
563 1859 598 1907 Δ.
623 1861 732 1907 Haec
754 1871 884 1924 atque
911 1861 993 1907 alia
1022 1861 1160 1906 multa
1191 1861 1332 1925 Moysi
1356 1859 1592 1916 contraria,
1626 1859 1705 1905 Je-

316 1949 411 1978 sum
437 1931 747 1992 dogmatizare,
776 1950 903 1978 nemo
920 1932 996 1997 qui
1020 1931 1197 1979 nesciat.

381 2003 479 2049 Vll.
502 2023 521 2043 «
543 2002 656 2059 Quae
679 2002 782 2066 quia
801 2003 968 2063 singula
998 2019 1252 2066 percurrere
1270 2001 1447 2062 longum
1469 2011 1548 2058 est,
1569 2017 1705 2047 unum

317 2091 399 2138 pro
420 2072 568 2118 multis
593 2073 816 2119 ostendam
840 2111 851 2131 ,
890 2073 1034 2130 idest,
1065 2073 1168 2137 quia
1191 2072 1529 2119 christianarum
1559 2071 1706 2117 heere-

316 2145 426 2191 sium
439 2161 539 2208 pars
552 2145 753 2198 maxima,
771 2144 941 2209 etquod
959 2144 1077 2190 estin
1096 2155 1328 2209 promptu,
1350 2142 1574 2191 Catholici
1593 2143 1707 2189 nihil

314 2232 464 2262 eorum
485 2231 652 2260 servare
672 2226 844 2273 curant,
866 2233 967 2280 quae
1005 2218 1177 2279 Moyses
1211 2216 1378 2262 scribit.
1407 2213 1538 2271 Quod
1558 2213 1705 2278 ipsum

316 2288 350 2334 si
371 2303 459 2332 non
479 2285 532 2331 de
555 2302 695 2331 errore
712 2286 936 2334 descendit
959 2286 1125 2351 aliquo,
1152 2286 1222 2334 sed
1247 2304 1294 2333 ex
1315 2303 1416 2333 vera
1440 2284 1513 2331 illa
1538 2284 1706 2331 Christi

321 2369 363 2404 et
401 2356 731 2420 Discipulorurn
758 2362 849 2418 ejus
887 2359 1148 2413 traditione,
1177 2376 1252 2404 vos
1282 2357 1459 2404 omnino
1479 2355 1707 2402 fateamini

316 2439 485 2470 necesse
505 2433 593 2476 est,
620 2425 835 2470 contraria
858 2425 1045 2471 invicem
1074 2424 1158 2470 sibi
1178 2425 1326 2470 Jesum
1355 2422 1553 2469 docuisse
1576 2432 1708 2484 atque

319 2499 525 2557 Moysen:
555 2492 810 2558 idcircoque
834 2513 916 2543 nec
947 2495 1164 2543 creditum
1204 2495 1432 2542 Christum
1463 2511 1488 2539 a
1509 2492 1702 2547 Judaeis,

369 2591 378 2613 ¹
399 2592 482 2624 Gen·
508 2601 594 2632 xvu,
613 2601 668 2626 ¹1.
689 2608 733 2618 -
750 2589 766 2614 ²
785 2593 906 2628 Matth.
930 2604 1027 2633 xxm,
1052 2593 1105 2625 15.
1119 2609 1165 2620 ι-
1183 2589 1199 2617 ³
1225 2594 1322 2626 Deut.
1341 2601 1409 2635 xxv,
1428 2593 1459 2623 3.
1473 2605 1520 2616 -—-
1543 2586 1560 2613 θ
1583 2585 1704 2620 Matih.

320 2664 372 2691 xv,
394 2654 448 2692 18,
467 2661 522 2692 ¹9·
