1795 3253
331 276 415 322 190
745 273 778 302 S.
824 272 1064 303 AUGUSTINI
1101 272 1303 302 EPISCOPI

322 338 562 383 honoribus
582 337 919 399 prosequamini.
950 338 1044 382 lloc
1067 354 1165 395 ergo
1185 353 1285 382 cum
1310 353 1551 400 quaererem
1573 375 1584 395 ‚
1606 357 1699 386 res-

322 407 600 470 pondebatur
630 409 720 464 ejus
759 406 871 451 diem
908 407 1118 469 passionis
1154 406 1467 453 celebrandum
1505 425 1590 454 esse
1623 410 1701 472 qui

322 494 417 522 rere
442 493 589 539 passus
607 487 712 522 esset
735 493 746 520 ε
775 476 1001 522 Christum
1027 487 1168 521 autem
1199 477 1275 540 qui
1307 488 1434 524 natus
1454 495 1540 523 non
1568 489 1698 535 esset,

321 563 459 609 neque
486 564 629 593 veram
649 583 660 601 ,
685 545 757 591 sed
781 546 1024 592 simulatam
1046 563 1217 591 carnem
1246 546 1449 593 humanis
1470 548 1605 594 oculis
1628 565 1702 595 os-

324 617 550 665 tendisset.
588 635 673 663 non
711 617 957 679 pertulisse,
996 617 1067 662 sed
1102 618 1268 662 finxisse
1302 619 1560 680 passionem.
1593 620 1702 676 Quis

324 705 413 734 non
432 689 682 748 ingemiscat
706 687 905 732 homines
923 724 933 741 ‚
958 688 1093 750 quise
1120 687 1393 734 Christianos
1417 689 1505 734 dici
1525 689 1699 743 volunt,

327 760 472 804 timere
496 776 548 803 ne
572 757 792 820 polluatur
818 758 971 803 veritas
995 757 1047 801 de
1068 757 1242 815 xirginis
1268 768 1389 804 utero
1409 795 1419 813 ‚
1440 769 1481 804 et
1504 758 1557 804 de
1576 775 1703 804 men-

323 829 449 874 dacio
471 845 558 874 non
583 828 760 873 timere?
785 826 870 872 Sed
896 837 943 871 ut
962 826 1014 871 ad
1039 843 1126 871 rem
1150 826 1321 872 redeam
1338 864 1348 883 ,
1379 828 1476 890 quis
1502 844 1590 872 non
1607 844 1703 873 sus-

325 901 517 962 picetur,
545 915 645 944 cum
675 897 901 955 diligenter
926 896 1185 953 attenderit,
1222 897 1319 943 ideo
1344 898 1489 957 negari
1509 915 1531 944 a
1558 899 1705 944 Mani-—

324 971 449 1016 chaeo
480 969 705 1016 Christum
737 978 885 1012 natum
928 984 1013 1012 esse
1047 967 1099 1012 de
1129 968 1311 1014 foemina
1331 1006 1341 1023 ‚
1381 978 1423 1014 et
1458 968 1705 1014 humanum

323 1057 482 1103 corpus
507 1039 734 1092 habuisse,
765 1038 976 1100 111-[1115510
1009 1041 1123 1096 ejus,
1157 1038 1276 1101 quod
1308 1038 1439 1084 totius
1457 1042 1552 1097 jam
1587 1037 1706 1084 orbis

322 1110 598 1155 festissimum
620 1119 790 1170 tempus
808 1118 892 1163 est,
917 1108 972 1153 ab
998 1108 1055 1152 eis
1075 1108 1153 1170 qui
1176 1109 1259 1154 51111
1278 1108 1560 1154 credidissent
1587 1107 1706 1153 cele-

324 1180 548 1234 braretur,
577 1189 617 1222 et
641 1194 726 1223 non
752 1188 870 1222 tanta
895 1176 1125 1223 devotione
1152 1177 1265 1223 diem
1293 1178 1442 1223 mortis
1474 1194 1563 1223 suae
1587 1176 1707 1222 desi-

324 1248 472 1294 derata
491 1247 737 1293 solemnitas
756 1246 1021 1292 honoraret?
1052 1248 1147 1292 Hoc
1165 1249 1280 1293 enim
1300 1248 1427 1293 1101115
1453 1257 1544 1293 erat
1566 1247 1612 1292 in
1634 1246 1708 1292 illa

324 1318 508 1365 bematis
536 1317 785 1363 celebritate
809 1318 1097 1376 gratissimum
1120 1354 1133 1373 ‚
1165 1318 1286 1381 quod
1318 1335 1397 1380 per
1424 1318 1593 1363 Pascha
1616 1316 1708 1362 fre-

325 1389 618 1452 quentabatur
641 1405 651 1431 1
677 1387 883 1450 quoniam
902 1387 1198 1433 vehementius
1217 1387 1565 1434 desiderabamus
1583 1386 1708 1432 illum

326 1460 439 1505 diem
465 1459 618 1504 festum
637 1495 647 1514 ,
670 1457 893 1512 subtracto
920 1457 1002 1502 alio
1023 1458 1099 1519 qui
1120 1457 1287 1503 solebat
1309 1475 1396 1503 0550
1414 1457 1700 1503 dulcissimus.

388 1532 443 1576 X.
488 1530 680 1573 Fortasse
698 1527 816 1572 dicas
833 1527 943 1574 mihi
967 1545 977 1570 :
1004 1527 1194 1583 Quando
1212 1545 1312 1587 ergo
1333 1528 1451 1574 101111
1472 1545 1496 1573 a
1516 1527 1708 1573 Domino

326 1600 563 1666 promissus
594 1597 880 1642 Paracletus)
917 1597 1001 1642 Hic
1037 1614 1115 1656 ego
1149 1598 1183 1642 si
1218 1615 1305 1643 non
1341 1598 1552 1643 haberem
1588 1596 1709 1643 aliud

325 1671 445 1736 quod
468 1669 713 1721 credere1n;
739 1667 912 1713 facilius
936 1684 1034 1713 00111
1066 1668 1215 1714 adhuc
1242 1679 1475 1715 venturum
1503 1677 1710 1731 expecta-

325 1760 441 1798 rem,
469 1756 601 1804 quam
628 1754 706 1801 per
732 1737 1031 1783 Manichaeum
1060 1738 1223 1783 venisse
1253 1738 1550 1784 concederem.
1578 1738 1710 1783 Nunc

326 1829 427 1860 vero
453 1827 556 1857 cum
579 1809 625 1854 111
655 1807 838 1853 Actibus
867 1807 1180 1869 Apostolorum
1207 1807 1548 1853 manifestissime
1571 1805 1710 1853 sancti

329 1883 516 1947 Spiritus
548 1876 816 1942 praedicetur
844 1876 1054 1923 adventus
1073 1913 1084 1933 ,
1122 1894 1222 1940 quae
1247 1894 1316 1922 1110
1342 1877 1567 1922 necessitas
1594 1877 1710 1936 cogit

324 1951 543 2000 haereticis
563 1960 652 1994 tam
684 1947 928 2011 periculose
955 1958 996 1992 et
1018 1958 1104 1992 tam
1128 1946 1255 1994 facile
1282 1947 1485 1993 credere?
1518 1947 1571 1992 111
1593 1945 1709 1992 libro

325 2024 439 2072 enim
464 2028 702 2067 memorato
720 2017 779 2063 sic
797 2018 1010 2080 scriptum
1035 2029 1096 2063 est
1120 2035 1129 2063 ε
1160 2039 1180 2059 c<
1203 2018 1403 2063 Primum
1426 2017 1605 2080 quidem
1623 2033 1707 2062 ser-

326 2118 346 2138 »
366 2108 540 2141 monem
559 2089 740 2135 fecimus
759 2087 813 2133 de
841 2089 1045 2134 omnibus
1062 2125 1072 2144 ‚
1099 2105 1124 2133 0
1154 2089 1188 2132 T
1194 2087 1426 2151 heophile‚
1449 2104 1549 2151 quae
1569 2086 1709 2150 coepit

326 2188 347 2209 ))
365 2170 486 2212 Jesus
504 2161 642 2206 facere
663 2168 705 2203 et
729 2157 883 2203 docere
906 2158 951 2203 in
974 2157 1068 2214 die,
1098 2174 1185 2221 qua
1219 2157 1450 2220 Apostolos
1477 2157 1605 2217 elegit
1627 2173 1708 2220 per

324 2260 345 2280 ))
365 2233 578 2299 Spiritum
595 2238 816 2283 sanctum,
836 2238 879 2273 et
895 2228 1109 2291 praecepit
1129 2227 1370 2291 praedicare
1392 2226 1698 2286 Evangelium.

327 2329 349 2350 2>
371 2303 543 2362 Quibus
567 2298 759 2362 praebuit
781 2314 823 2343 se
847 2299 995 2344 vivum
1017 2308 1116 2361 post
1138 2297 1383 2362 passionem
1406 2297 1452 2341 in
1470 2295 1619 2341 multis
1639 2311 1705 2341 ar-

327 2400 348 2421 »
367 2373 579 2437 gumentis
599 2371 796 2425 dierum,
825 2369 940 2415 visus
973 2380 1035 2415 est
1061 2369 1119 2415 eis
1145 2387 1223 2433 per
1257 2368 1348 2414 dies
1379 2366 1671 2431 quadraginta
1690 2401 1702 2421 ‚

327 2458 407 2494 »et
429 2444 588 2490 docens
620 2440 674 2485 de
707 2456 837 2498 regno
871 2439 975 2494 Dei,
1012 2449 1054 2485 et
1083 2439 1306 2502 quomodo
1343 2446 1623 2484 conversatus
1652 2435 1706 2480 sit

325 2542 347 2564 »
364 2533 464 2565 cum
489 2513 574 2560 illis
590 2548 600 2567 ‚
621 2521 663 2557 et
684 2509 944 2573 praeceperit
961 2509 1019 2554 eis
1040 2527 1093 2555 ne
1116 2509 1385 2555 discederent
1404 2508 1460 2554 ab
1480 2507 1506 2552 J
1510 2505 1709 2568 erosoly-

325 2613 346 2635 »
362 2589 465 2644 mis,
488 2583 561 2631 sed
592 2581 849 2629 sustinerent
876 2578 1234 2643 pollicitationem
1263 2579 1429 2636 Patris,
1467 2592 1601 2641 quam
1625 2589 1708 2623 au·-
