1795 3253
248 288 421 320 CONTRA
456 285 701 318 EPISTOLAM
736 286 992 327 MAMCHAEi,
1033 288 1119 318 mn.
1164 288 1193 318 1.
1337 274 1427 319 225

54 356 126 402 sed
146 373 234 401 non
252 373 392 400 errare
415 354 661 399 desiderans
684 369 695 397 ε
716 351 841 397 Unde
859 363 919 397 est
942 354 1019 398 ista
1041 354 1287 417 corruptio,
1309 353 1429 417 quod

52 426 174 490 quasi
193 425 386 486 generale
414 423 579 469 malum
613 439 758 483 rerum
790 422 1004 468 bonarum
1025 460 1034 477 ‚
1059 423 1130 468 sed
1157 434 1299 468 tamen
1326 441 1428 469 cor-

53 497 331 561 ruptibilium
369 512 455 541 esse
499 495 824 558 comperimus?
859 493 948 550 Qui
983 494 1077 539 talis
1115 496 1272 557 quaerit
1287 533 1298 551 ,
1345 495 1432 541 cito

53 567 217 614 invenit
236 583 392 626 magno
421 565 573 611 ardore
595 581 745 611 verum
770 574 920 627 petens
936 601 946 620 ‚
971 575 1015 610 et
1043 567 1256 611 constanti
1281 583 1432 629 perse—

53 637 246 685 verantia
271 637 342 700 pie
376 636 568 700 pulsans.
606 636 689 680 Per
713 634 911 679 homines
937 635 1051 680 enim
1079 637 1433 682 commemoratio

54 708 196 772 aliqua
227 707 356 767 signis
392 706 625 753 verborum
657 705 747 750 fieri
783 715 950 768 potest,
988 704 1116 751 docet
1149 716 1292 751 autem
1324 723 1436 752 unus

53 796 178 825 verus
197 778 401 838 Magister
424 778 517 841 ipsa
541 775 890 839 incorruptibilis
911 775 1074 822 Veritas
1089 814 1099 832 ‚
1129 776 1242 822 solus
1271 774 1434 838 Magis-

55 861 116 895 ter
152 849 330 895 interior
369 866 380 894 z
419 848 495 912 qui
525 848 655 893 etiam
679 847 860 892 exterior
888 846 1029 892 faetus
1060 858 1150 901 est,
1188 859 1236 893 ut
1266 865 1340 894 nos
1372 849 1429 894 ab

52 920 335 966 exterioribus
355 919 407 965 ad
431 919 637 964 interiora
658 929 901 972 revocaret3
928 929 969 963 et
985 918 1168 964 formam
1190 920 1299 965 servi
1323 919 1433 965 acei-

52 991 174 1055 piens
195 1028 206 1047 ,
229 1001 279 1035 ut
295 993 385 1049 ejus
409 989 652 1035 sublimitas
672 989 948 1048 surgentibus
967 989 1272 1045 innotesceret,
1290 993 1438 1049 jacen-

54 1061 172 1107 tibus
215 1060 394 1106 humilis
442 1076 651 1124 apparere
690 1059 892 1119 dignatus
927 1069 1002 1106 est.
1047 1060 1097 1104 ln
1136 1064 1226 1120 ejus
1262 1061 1438 1107 nomine

53 1131 273 1196 supplices
293 1131 424 1176 simus
442 1168 452 1187 ‚
477 1141 519 1175 et
535 1148 613 1194 per
631 1147 730 1175 eum
751 1130 1090 1176 misericordiam
1117 1131 1258 1176 Patris
1280 1131 1436 1195 implo-

53 1215 194 1250 rantes
213 1205 293 1248 ista
312 1219 574 1266 quaeramus.
606 1202 754 1247 Primo
778 1202 893 1247 enim
913 1202 1162 1248 brevissime
1186 1204 1435 1267 responderi

52 1284 194 1338 potest
232 1273 531 1337 quaerentibus
567 1272 682 1318 unde
716 1273 942 1336 corruptio
978 1284 1068 1330 est,
1095 1290 1195 1319 cum
1232 1273 1394 1320 dicitur
1417 1292 1428 1319 ε

55 1347 115 1390 Ex
133 1363 182 1391 eo
203 1345 323 1410 quod
346 1345 417 1391 hae
441 1355 610 1391 naturae
633 1362 735 1409 quae
767 1345 992 1408 corrumpi
1016 1357 1220 1408 possunt,
1256 1364 1345 1393 non
1379 1346 1433 1392 de

54 1417 145 1461 Deo
171 1416 350 1476 genitae,
377 1415 451 1461 sed
471 1415 526 1461 ab
552 1432 600 1461 eo
630 1415 682 1460 de
706 1415 846 1460 nihilo
870 1414 997 1461 factae
1023 1427 1153 1471 sunt3
1185 1433 1292 1480 quas
1322 1434 1438 1481 quo-

48 1487 165 1533 niam
203 1487 343 1532 bonas
384 1486 495 1532 ratio
534 1487 732 1550 superior
769 1485 1106 1543 demonstravit,
1135 1505 1260 1533 nemo
1295 1498 1437 1551 potest

48 1568 162 1604 recte
191 1557 336 1604 dicere
366 1575 376 1602 z
406 1558 506 1603 Non
522 1556 690 1602 fecisset
712 1557 825 1602 Deus
843 1557 973 1605 bona.
1006 1557 1050 1602 Si
1071 1568 1215 1603 autem
1242 1558 1393 1604 dixerit
1417 1577 1428 1604 ε

49 1629 227 1675 Summe
251 1629 369 1675 bona
395 1628 561 1674 fecisset
580 1646 590 1673 :
612 1628 1012 1692 oportetintelligat
1035 1646 1252 1676 summum
1266 1631 1434 1677 bonum

46 1699 190 1763 ipsum
213 1716 300 1744 esse
317 1736 327 1755 ‚
360 1700 437 1761 qui
458 1698 561 1744 fecit
585 1699 683 1743 haec
706 1699 840 1744 bona.

112 1771 252 1815 XLII.
296 1768 416 1825 Quid
449 1768 579 1824 mali,
618 1768 763 1831 inquis
787 1805 798 1824 ‚
834 1768 955 1813 fieret
977 1805 988 1824 ‚
1027 1769 1061 1814 si
1093 1781 1136 1815 et
1174 1768 1254 1817 ista
1280 1772 1430 1819 fierent

47 1857 212 1886 sumine
236 1840 388 1885 bona?
416 1840 471 1884 Et
501 1849 646 1884 tamen
677 1838 711 1884 si
746 1838 842 1901 quis
868 1856 914 1884 ex
937 1840 1063 1885 nobis
1084 1853 1326 1903 quaereret,
1354 1861 1433 1890 ac·-

46 1922 175 1975 cepto
199 1921 240 1956 et
263 1909 430 1956 credito
458 1910 548 1954 Deo
572 1910 701 1954 Patre
725 1926 895 1954 summo
921 1909 1038 1955 bono
1061 1948 1071 1966 ‚
1101 1911 1134 1957 si
1171 1924 1277 1959 esset
1309 1914 1428 1961 aliud

46 1998 212 2028 summe
229 1982 417 2037 bonum,
439 1979 555 2026 unde
575 1997 660 2025 esse
678 1979 805 2024 nobis
821 1980 1138 2042 pievideretur²
1159 1983 1280 2030 nullo
1296 1986 1427 2032 modo

47 2063 160 2098 recte
184 2050 544 2115 responderemus
561 2087 571 2106 ‚
604 2049 685 2095 nisi
707 2049 761 2095 de
787 2050 879 2095 Deo
904 2051 1030 2096 Patre
1050 2054 1127 2116 qui
1153 2070 1320 2101 summe
1339 2056 1426 2102 bo-

45 2139 128 2168 nus
147 2120 365 2178 est.Quod
383 2137 482 2180 ergo
501 2119 554 2166 de
568 2119 643 2165 illo
663 2130 747 2180 est,
768 2121 1089 2167 meminerimus
1109 2135 1261 2170 natum
1278 2126 1331 2173 de
1347 2129 1423 2175 illo

45 2212 131 2240 esse
149 2231 159 2251 ,
189 2211 277 2239 non
298 2193 354 2238 ab
372 2210 420 2238 eo
434 2192 599 2238 factum
620 2190 673 2236 de
693 2191 832 2237 nihilo
852 2229 862 2249 ‚
887 2203 930 2238 et
950 2193 1047 2239 ideo
1066 2205 1108 2239 et
1125 2195 1213 2242 hoc
1234 2214 1418 2253 summe,

43 2264 90 2310 id
114 2275 192 2320 est,
223 2262 622 2327 incorruptibiliter
635 2262 803 2308 bonum
821 2280 906 2309 esse
930 2282 940 2309 2
963 2264 1247 2331 videmusque
1264 2254 1420 2330 injuste

44 2335 229 2396 flagitari
247 2371 258 2391 ,
287 2345 440 2380 uttam
463 2350 629 2380 summe
654 2334 771 2379 bona
803 2334 889 2380 sint
921 2352 1020 2398 quae
1044 2336 1146 2381 fecit
1165 2338 1218 2383 de
1242 2340 1380 2388 nihilo
1406 2381 1416 2398 ‚

43 2423 175 2470 quam
199 2422 364 2451 summe
384 2405 526 2450 bonus
552 2414 614 2449 est
638 2420 768 2467 quem
794 2404 848 2450 de
871 2422 913 2450 se
948 2406 1094 2465 genuit
1122 2425 1132 2451 ε
1175 2425 1304 2472 quem
1339 2413 1421 2458 nisi

43 2493 180 2522 unum
202 2476 436 2535 genuisset,
458 2493 546 2520 non
570 2473 613 2520 id
633 2474 752 2537 quod
775 2475 866 2538 ipse
882 2486 942 2521 est
961 2477 1190 2536 genuisset,
1209 2480 1311 2542 quia
1327 2483 1419 2545 ipse

44 2563 157 2592 unus
175 2556 250 2592 est.
273 2546 556 2609 Quapropter
574 2546 702 2590 unico
722 2545 900 2608 quidem
923 2547 1050 2604 Filio,
1066 2565 1145 2610 per
1159 2565 1287 2611 quem
1306 2551 1421 2601 facta

43 2627 143 2662 sunt
168 2634 189 2662 a
209 2616 338 2661 Patre
364 2617 506 2662 omnia
533 2617 648 2661 bona
666 2614 719 2660 de
735 2616 873 2662 nihilo
888 2654 898 2672 ‚
921 2616 1119 2680 imperite
1144 2622 1422 2687 atqueiinpie

204 2704 361 2734 cxxxv.
1203 2704 1254 2738 ιζ)
