1795 3253
271 329 447 364 CONTRA
480 327 727 361 EPISTOLAM
759 326 1015 369 MANICHM,
1054 329 1141 360 Lm.
1184 329 1215 360 Ι.
1363 328 1451 377 109

78 397 234 446 valent.
261 397 346 443 Sed
368 395 475 461 quid
495 395 638 441 dicam
662 394 716 440 de
737 394 916 440 veritate
943 404 1071 458 atque
1095 394 1304 458 sapientia
1319 432 1330 451 ‚
1357 411 1455 458 quae

81 485 227 515 omnes
253 468 410 514 animae
433 465 647 530 potentias
665 475 839 529 superat
861 485 873 519 ;
909 481 1011 511 cum
1030 465 1165 528 ipsius
1192 466 1346 512 animae¹
1369 483 1453 511 na-

80 550 177 585 tura
198 555 297 603 quae
320 537 547 584 mutabilis
570 537 804 592 invenitur,
832 535 953 582 nullo
980 535 1111 581 modo
1135 536 1331 581 locorum
1352 554 1458 599 spa-

81 611 139 656 tia
158 609 350 674 quadam
373 608 488 654 mole
512 625 588 654 sua
615 609 834 671 occupet?
860 606 1092 670 Quidquid
1117 607 1231 651 enim
1259 606 1458 669 qualibet

82 679 364 727 crassitudine
378 689 457 735 est,
474 696 562 724 11011
574 689 713 743 potest
732 678 814 724 nisi
831 678 970 723 minui
986 695 1064 741 per
1073 688 1235 741 partes,
1250 677 1457 723 habendo

83 751 202 798 aliud
233 750 309 796 hic
327 787 338 805 ‚
377 760 421 795 et
445 748 564 796 aliud
588 749 706 796 alibi.
741 749 885 794 Minor
911 759 973 794 est
995 749 1111 793 enim
1132 748 1293 808 digitus
1328 765 1460 812 quam

83 833 173 868 tota
191 837 368 874 manus;
395 831 437 866 et
448 820 590 866 minor
612 831 675 866 est
692 820 853 880 digitus
872 836 986 865 unus
1003 836 1136 883 quam
1158 819 1245 865 duo
1261 856 1272 874 ,
1297 829 1338 864 et
1356 818 1463 863 alibi

83 903 148 939 est
165 893 242 938 iste
269 891 431 952 digitus
453 927 463 945 ,
492 890 597 936 alibi
614 891 686 936 ille
701 928 711 948 ‚
741 890 846 936 alibi
869 900 1025 936 caetera
1049 888 1361 949 manus.Quod
1376 905 1464 934 non

85 963 225 1009 solum
250 962 296 1008 in
327 961 518 1007 molibus
553 978 790 1025 corporum
828 960 1067 1007 articulatis
1098 959 1296 1006 videmus
1338 977 1348 1003 :
1392 959 1467 1004 sed

85 1033 214 1080 etiam
238 1043 365 1078 terrae
381 1049 481 1096 pars
498 1032 578 1078 ista
600 1049 688 1078 non
713 1043 773 1078 est
793 1032 859 1078 ibi
881 1032 960 1077 ubi
977 1031 1049 1077 illa
1072 1069 1082 1088 ‚
1108 1034 1212 1094 quia
1240 1047 1366 1076 suum
1396 1029 1465 1075 lo·-

87 1121 189 1150 cum
210 1120 396 1167 quaeque
420 1103 587 1149 obtinet
609 1121 619 1148 :
644 1113 686 1148 et
700 1121 802 1167 pars
825 1104 1024 1149 humoris
1046 1103 1191 1148 minor
1208 1102 1371 1147 minore
1389 1138 1400 1157 ‚
1424 1111 1468 1146 et

88 1177 228 1233 major
246 1177 408 1233 majore
426 1173 525 1219 loco
544 1184 606 1218 est
625 1193 636 1227 3
658 1184 699 1219 et
722 1173 804 1219 alia
820 1191 920 1237 pars
936 1184 998 1219 est
1015 1174 1132 1219 circa
1150 1172 1357 1227 fundum,
1386 1171 1468 1217 alia

89 1245 207 1291 circa
226 1261 322 1290 oras
344 1243 507 1308 poculi.
538 1244 746 1290 Similiter
767 1245 877 1290 aeris
894 1255 1038 1308 partes
1057 1261 1155 1289 suos
1174 1260 1361 1307 quaeque
1380 1243 1467 1288 im-

90 1314 211 1378 plent
228 1314 346 1359 locos
366 1333 378 1367 ;
404 1331 484 1360 nec
503 1315 596 1359 fieri
614 1324 755 1378 potest
778 1325 826 1360 ut
840 1319 915 1359 a'er
935 1332 1022 1377 quo
1046 1313 1254 1377 impletur
1272 1313 1371 1358 haec
1392 1312 1470 1357 do-

91 1403 186 1431 mus
202 1423 212 1442 ,
255 1384 385 1431 simul
410 1402 555 1431 secum
580 1386 625 1430 in
649 1386 800 1431 eadem
830 1386 961 1431 domo
986 1385 1150 1431 habere
1180 1385 1316 1448 possit
1340 1384 1469 1429 etiam

91 1457 215 1503 illum
236 1461 381 1502 a'erem
398 1474 529 1520 quem
545 1457 679 1502 vicini
695 1457 890 1504 habent:
905 1457 1100 1520 lucisque
1118 1456 1252 1520 ipsius
1272 1455 1352 1501 alia
1368 1472 1470 1518 pars

92 1527 341 1574 infunditur
362 1528 575 1591 perhanc
597 1528 825 1573 fenestram
841 1566 852 1585 ‚
890 1528 970 1574 alia
989 1545 1068 1591 per
1090 1528 1236 1579 illam;
1264 1538 1305 1572 et
1330 1529 1471 1586 major

93 1616 173 1663 per
190 1602 398 1658 majorem
418 1634 428 1652 ‚
456 1615 535 1661 per
558 1598 769 1644 minorem
788 1609 932 1644 autem
963 1598 1118 1645 minor.
1167 1598 1256 1643 Nec
1290 1597 1469 1643 omnino

94 1679 236 1734 potest
262 1685 349 1713 esse
379 1667 555 1732 aliquod
586 1686 772 1732 corpus,
808 1669 895 1715 sive
923 1669 1096 1715 coeleste
1125 1669 1211 1714 sive
1244 1679 1439 1713 terrestre
1458 1705 1469 1725 ‚

96 1741 185 1786 sive
208 1738 376 1784 aerium
401 1739 488 1783 sive
511 1738 746 1784 humidum
763 1776 774 1795 ‚
797 1739 918 1802 quod
939 1757 1029 1784 non
1052 1739 1195 1784 minus
1215 1740 1269 1785 sit
1288 1739 1332 1784 in
1353 1749 1476 1802 parte

96 1827 228 1873 quam
248 1809 294 1854 in
316 1818 408 1853 toto
434 1826 446 1853 z
468 1826 608 1873 neque
630 1809 719 1854 11Πο
743 1810 874 1855 niodo
897 1809 1033 1873 possit
1046 1809 1092 1854 in
1105 1809 1202 1855 1000
1219 1810 1353 1869 hujus
1370 1827 1473 1872 par-

98 1880 151 1925 tis
167 1877 295 1924 simul
313 1879 475 1924 habere
491 1879 617 1925 aliam
638 1890 805 1943 partem
822 1900 833 1933 ς
853 1880 926 1925 sed
945 1880 1061 1925 aliud
1079 1880 1153 1925 1110
1173 1891 1214 1925 01
1228 1880 1347 1926 aliud
1365 1880 1471 1926 alibi

97 1950 264 1996 habens
288 1967 366 2013 per
386 1949 599 2014 quaelibet
617 1951 755 2014 spatia
774 1950 973 1997 locorum
994 1951 1171 1996 distanti
1195 1961 1236 1996 et
1253 1951 1436 1997 dividua
1457 1988 1469 2007 ,

99 2021 166 2066 vel
189 2021 335 2083 potius
351 2057 362 2076 ‚
378 2032 428 2065 ut
450 2021 510 2065 ita
532 2020 694 2077 dicam,
714 2020 849 2065 sectili
871 2021 983 2066 mole
1003 2020 1278 2067 distenditur.
1309 2021 1475 2066 Animae

100 2108 202 2137 vero
227 2100 381 2136 natura
397 2128 408 2145 ‚
440 2091 608 2135 etiamsi
628 2108 717 2136 non
735 2090 809 2136 illa
834 2093 924 2149 ejus
951 2091 1149 2154 potentia
1179 2091 1478 2137 consideretur

103 2178 190 2225 qua
217 2161 421 2221 intelligit
447 2161 697 2218 veritatem,
729 2161 802 2207 sed
836 2162 910 2207 illa
943 2161 1120 2208 inferior
1154 2179 1243 2226 qua
1282 2162 1480 2208 continet

103 2249 263 2295 corpus
287 2241 330 2276 et
351 2232 479 2277 sentit
501 2232 547 2277 in
565 2249 770 2295 corpore,
801 2232 922 2277 nullo
945 2232 1077 2278 modo
1107 2232 1328 2278 invenitur
1354 2232 1480 2278 1000-

102 2319 203 2348 rum
218 2303 367 2365 spatiis
385 2302 528 2366 aliqua
549 2302 662 2348 mole
679 2302 878 2349 distendi.
907 2304 1020 2348 Nam
1036 2302 1214 2363 singulis
1234 2303 1300 2348 sui
1321 2320 1480 2366 corpo-

104 2373 163 2419 ris
186 2373 414 2437 particulis
424 2385 515 2420 tota
529 2385 690 2437 praesto
712 2385 773 2420 est
789 2411 800 2431 ‚
823 2391 923 2420 cum
943 2385 1031 2421 tota
1055 2375 1185 2420 sentit
1208 2375 1254 2420 in
1276 2373 1454 2434 singulis
1473 2391 1484 2418 ε

105 2461 185 2490 nec
208 2444 350 2490 minor
368 2462 470 2508 pars
492 2449 583 2505 ejus
603 2445 647 2491 in
671 2444 807 2504 digito
830 2455 914 2501 est,
949 2456 992 2491 et
1019 2448 1159 2505 major
1194 2445 1240 2490 in
1263 2444 1450 2489 brachio
1473 2481 1483 2500 ‚

108 2515 219 2561 510111
252 2515 344 2578 ipse
368 2515 527 2575 digitus
550 2515 736 2561 brachio
760 2516 902 2561 minor
924 2526 1010 2570 est3
1051 2515 1125 2561 sed
1160 2515 1325 2578 ubique
1362 2525 1483 2560 tanta

109 2595 190 2641 est,
210 2585 314 2649 quia
332 2586 499 2650 ubique
520 2597 613 2632 tota
629 2597 704 2633 est.
721 2587 835 2633 Cum
852 2587 966 2633 enim
981 2587 1175 2647 tangitur
1195 2586 1354 2646 digitus
1370 2623 1381 2643 ,
1402 2604 1491 2632 non

111 2672 188 2720 per
211 2666 358 2703 totum
377 2674 539 2722 corpus
556 2658 706 2714 sentit,
729 2668 925 2704 ettamen
946 2668 1038 2704 tota
1060 2658 1370 2705 sentit.Totan1
1385 2659 1502 2703 enim
