1795 3253
262 287 437 319 CONTRA
471 282 716 319 Erisrotmr
751 284 1007 328 nmmum,
1049 285 1135 318 Lm.
1179 288 1206 318 1.
1357 273 1451 318 223

68 364 193 418 parte
211 364 338 414 cogat
359 353 612 418 displicere,
637 352 757 418 quod
781 352 901 398 omni
921 370 968 397 ex
991 364 1116 416 parte
1137 353 1454 417 reprehendere

69 442 158 471 non
180 436 353 489 potest:
383 436 512 489 atque
546 427 633 473 hoc
658 424 789 471 modo
818 425 1013 471 animum
1049 424 1102 470 ad
1131 442 1306 488 aequum
1325 425 1453 486 judi-

70 496 188 545 cium
211 507 549 561 componentes,
578 513 824 562 quaeramus
851 501 943 557 jam
974 496 1089 542 unde
1124 497 1207 542 sint
1235 514 1336 542 cum
1370 496 1455 543 illis

66 566 194 613 bonis
217 567 330 613 mala
345 605 356 624 ,
387 585 490 631 quae
509 587 575 615 me
600 585 775 633 quoque
792 568 1044 631 improbare
1067 567 1284 614 dicebam.
1321 568 1453 624 Quod

68 637 238 689 facilius
257 639 505 685 videbimus
520 678 531 697 ,
555 640 589 687 si
608 641 653 686 in
673 656 809 685 unum
828 657 987 685 nomen
1006 638 1278 703 potuerimus
1296 650 1455 686 cuncta

69 709 277 759 conferre.

133 783 340 830 XXXIX.
383 782 492 839 Quis
512 783 627 829 enim
651 782 825 829 dubitet
846 792 990 828 totum
1013 781 1124 827 illud
1149 781 1268 845 quod
1290 781 1453 829 dicitur

67 852 257 909 malum,
295 853 410 899 nihil
429 871 517 900 esse
552 854 671 900 aliud
705 871 836 917 quam
873 853 1234 917 corruptionem?
1267 854 1456 900 Possunt

68 922 245 986 quidem
262 923 356 969 aliis
375 935 503 988 atque
524 924 616 971 aliis
636 924 860 971 vocabulis
881 924 963 970 alia
987 935 1116 988 atque
1137 924 1219 969 alia
1244 925 1354 971 mala
1375 943 1454 971 no-

67 993 224 1040 minari
249 1011 258 1038 :
283 994 358 1040 sed
380 995 501 1058 quod
526 996 724 1041 omnium
747 1012 890 1041 rerum
918 995 1082 1040 malum
1119 995 1200 1051 sit,
1227 996 1272 1040 in
1297 996 1458 1059 quibus

67 1064 170 1110 mali
194 1065 359 1129 aliquid
384 1066 670 1113 animadverti
688 1077 830 1130 potest
849 1104 859 1123 ,
887 1066 1113 1129 corruptio
1138 1076 1214 1112 est.
1242 1066 1327 1112 Sed
1352 1084 1452 1113 cor-

66 1135 216 1198 ruptio
233 1136 387 1200 peritae
406 1137 563 1183 animae
581 1175 592 1194 ,
621 1138 839 1201 imperitia
861 1148 1069 1190 vocatum
1097 1138 1323 1200 corruptio
1346 1155 1450 1202 pru-

67 1205 207 1252 dentis
225 1244 236 1263 ‚
274 1207 603 1271 imprudentia3
644 1209 867 1272 corruptio
887 1212 1044 1269 justae,
1085 1208 1318 1268 injustitia3
1352 1226 1453 1255 cor-

65 1277 214 1342 ruptio
231 1277 371 1335 fortis‚
388 1279 561 1339 ignavia
582 1298 592 1325 :
615 1280 840 1344 corruptio
857 1280 1016 1344 quictae
1035 1290 1163 1343 atque
1182 1280 1448 1345 tranquillae‚

67 1349 286 1414 cupiditas
309 1350 377 1396 vel
405 1361 541 1396 metus
566 1351 633 1396 vel
660 1351 833 1397 tristitia
864 1350 932 1397 vel
950 1352 1175 1411 jactantia.
1216 1350 1382 1397 Deinde
1406 1352 1452 1397 in

66 1437 249 1483 corpore
283 1422 473 1467 animato
513 1424 739 1486 corruptio
771 1422 989 1478 sanitatis,
1022 1422 1146 1468 dolor
1175 1434 1218 1468 et
1242 1423 1448 1477 morbus;

66 1492 291 1554 corruptio
323 1492 483 1539 virium
498 1530 510 1550 ‚
549 1493 781 1547 lassitud03
818 1493 1043 1556 corruptio
1079 1493 1235 1557 quietis
1250 1530 1261 1549 ,
1301 1493 1441 1541 labor.

65 1561 233 1608 Deinde
265 1563 311 1609 in
342 1563 440 1627 ipso
476 1564 566 1610 solo
600 1581 782 1628 corpore
811 1565 1039 1628 corruptio
1073 1564 1447 1628 pulchritudinis,

63 1631 240 1680 foeditas
258 1654 270 1688 ;
291 1635 518 1698 corruptio
546 1636 820 1681 rectitudinis
837 1673 848 1691 ‚
882 1637 1101 1698 pravitas3
1124 1636 1349 1699 corruptio
1373 1653 1449 1682 or-

64 1702 179 1749 dinis
196 1741 207 1760 ,
232 1707 519 1768 perversitas3
545 1707 771 1769 corruptio
805 1707 1066 1765 integritatis
1082 1743 1092 1761 ‚
1127 1706 1322 1752 discissio
1338 1744 1349 1763 ,
1376 1718 1452 1753 aut

62 1773 279 1831 fractura,
304 1786 378 1821 aut
398 1775 647 1822 diminutio.
671 1778 872 1836 Longum
896 1786 958 1821 est
976 1786 1018 1821 et
1036 1775 1213 1821 difficile
1231 1786 1273 1822 et
1288 1777 1449 1823 harum

65 1861 211 1890 rerum
242 1863 348 1909 quas
386 1846 751 1903 commemoravi,
781 1856 825 1891 et
846 1845 1029 1892 aliarum
1059 1846 1447 1894 innumerabilium

65 1932 214 1962 omnes
248 1917 548 1980 corruptiones
587 1917 847 1963 nominatim
885 1918 1132 1973 enuntiare,
1176 1934 1278 1963 cum
1317 1918 1447 1964 etiam

64 1987 215 2033 multae
234 2005 334 2051 quae
351 1987 561 2034 dicuntur
577 1988 623 2033 in
643 2005 842 2052 corpore,
866 1989 1033 2052 possint
1053 1999 1094 2033 et
1111 1989 1156 2034 in
1177 1988 1323 2034 anima
1338 1988 1445 2046 dici,

65 2068 108 2107 et
129 2058 467 2104 innumerabilia
485 2059 570 2104 sint
585 2059 631 2104 in
648 2060 812 2123 quibus
826 2060 1008 2123 propria
1023 2059 1243 2106 vocabula
1267 2077 1448 2124 corrup-

64 2129 126 2175 tio
142 2140 299 2177 teneat.
330 2130 639 2176 Verumtamen
660 2130 805 2177 videre
821 2135 912 2191 jam
933 2131 1059 2177 facile
1078 2142 1140 2176 est
1162 2130 1275 2177 nihil
1295 2148 1450 2178 nocere

65 2201 392 2266 corruptionem
412 2239 422 2259 ,
449 2203 532 2248 nisi
552 2202 672 2267 quod
689 2202 896 2248 labefacit
918 2203 1160 2249 naturalem
1186 2213 1373 2258 statum3
1408 2214 1451 2249 et

64 2272 163 2319 ideo
185 2290 277 2319 eam
302 2291 391 2319 non
413 2291 499 2319 esse
529 2284 729 2319 naturam
745 2312 756 2331 ,
793 2273 865 2319 sed
888 2285 1043 2320 contra
1067 2285 1285 2321 naturam.
1313 2274 1448 2332 Quod

65 2343 102 2388 si
124 2360 213 2389 non
236 2344 454 2390 invenitur
482 2345 528 2390 in
554 2345 684 2390 rebus
703 2344 865 2390 malum
891 2346 973 2391 nisi
997 2347 1225 2409 corruptio
1244 2384 1254 2402 ,
1280 2357 1321 2391 et
1345 2363 1448 2391 cor-

64 2414 214 2478 ruptio
231 2431 320 2460 non
342 2425 404 2461 est
422 2426 577 2461 natura
596 2436 607 2469 3
628 2415 746 2461 nulla
766 2417 916 2480 utique
936 2428 1092 2463 natura
1113 2416 1277 2462 malum
1297 2427 1375 2463 est.

129 2487 222 2532 XL.
263 2485 350 2532 Sed
373 2486 407 2532 si
425 2486 513 2533 hoc
534 2487 645 2532 forte
668 2487 904 2547 intelligere
920 2505 1008 2533 non
1034 2488 1183 2533 valetis
1201 2525 1211 2544 ‚
1240 2487 1349 2533 illud
1375 2498 1445 2533 at-

66 2555 230 2602 tendite
247 2593 258 2613 ,
297 2556 418 2620 quod
454 2574 582 2603 omne
618 2557 739 2621 quod
771 2559 1073 2622 corrumpitur
1093 2595 1104 2613 ‚
1143 2559 1261 2603 bono
1299 2558 1445 2622 aliquo

61 2626 308 2685 minuitur,
333 2628 438 2691 quia
460 2629 494 2674 si
518 2645 608 2675 non
635 2639 1017 2693 corrumperetur,
1043 2629 1350 2692 incorruptum
1377 2645 1445 2674 θεε-
