1795 3253
255 254 430 284 coNrnA
467 252 671 283 FAL‘STL'M
705 249 1008 291 insiciam,
1048 251 1133 282 Liss.
1177 252 1277 283 xm.
1374 239 1467 301 373

94 341 116 362 »
138 329 223 374 est,
255 318 486 383 apparebit
511 317 716 381 insipiens
736 316 753 346 1
778 335 788 361 ε
819 339 838 358 »
863 316 933 361 Eis
954 318 1118 382 quippe
1138 318 1300 381 quibus
1324 320 1469 383 primo

93 390 262 453 sapiens
284 400 391 445 erat,
415 400 520 435 tunc
549 389 630 434 erit
666 387 890 452 insipien5‚
920 405 1020 434 cum
1060 389 1321 452 apparebit,
1364 408 1471 454 qula

93 460 306 507 dementia
327 464 416 520 ejus
434 470 536 506 nota
556 459 635 506 erit
648 459 865 506 omnibus.

155 532 282 578 XIII.
320 534 375 577 lit
397 541 600 595 tanquam
638 530 710 576 ille
739 547 869 594 quem
892 530 1230 587 catechizamus,
1259 544 1472 595 quaereret

91 613 132 648 et
159 603 321 649 diceret
345 620 354 647 :
378 603 477 659 Quo
501 620 601 663 ergo
623 602 742 662 signo
760 601 986 647 manifesto
1004 601 1152 648 adhuc
1174 603 1401 666 parvulu5‚
1429 616 1472 651 et

90 673 286 719 nondum
305 673 450 719 valens
471 672 685 737 liquidam
706 673 946 718 discernere
969 690 993 717 a
1016 683 1082 718 tot
1105 674 1325 720 erroribus
1348 676 1466 721 veri-

91 755 239 797 tatem3
260 761 349 808 quo
373 743 601 789 manifesto
634 743 796 789 indicio
820 743 976 788 tenebo
1002 743 1241 789 Ecclesiam
1265 745 1462 802 Christi,

87 815 131 860 in
147 831 275 878 quem
287 817 379 875 jam
395 814 568 860 credere
590 824 710 860 tanta
723 831 868 860 rerum
889 824 1011 859 antea
1030 814 1344 877 praedictarum
1369 834 1466 863 ma-

88 886 361 933 nifestatione
379 886 642 950 compellor3
669 887 862 950 sequitur
874 885 991 932 idem
1017 886 1243 950 Propheta
1264 924 1274 943 ‚
1301 898 1342 932 et
1364 899 1465 934 tan-

86 974 216 1021 quam
252 967 394 1003 motus
432 958 565 1004 animi
597 960 686 1017 ejus
714 957 1030 1003 ordinatissime
1060 957 1306 1021 excipiens,
1338 957 1467 1005 docet

86 1044 184 1073 eum
212 1028 447 1074 Ecclesiam
474 1028 639 1075 Christi
654 1029 794 1092 ipsam
832 1046 918 1074 esse
937 1027 1195 1092 praedictam
1212 1066 1222 1085 ‚
1250 1046 1351 1093 quae
1376 1046 1471 1075 om-

86 1098 215 1145 nibus
237 1100 395 1145 eminet
417 1110 460 1145 et
489 1110 684 1163 apparet.
716 1101 817 1162 Ipsa
837 1099 952 1145 enim
977 1109 1039 1144 est
1073 1098 1190 1144 sedes
1215 1099 1386 1160 gloriae‚
1413 1100 1468 1146 de

86 1186 172 1232 qua
195 1169 304 1217 dicit
326 1170 555 1234 Apostolus
575 1187 585 1215 :
613 1169 881 1234 «Templum
900 1170 1014 1216 enim
1039 1170 1119 1216 Dei
1145 1181 1343 1216 sanctum
1375 1181 1437 1216 est
1452 1208 1464 1227 ‚

87 1241 251 1305 »quod
291 1243 388 1287 estis
416 1258 492 1287 vos
511 1241 544 1287 2.
582 1262 602 1282 »
629 1239 755 1286 Unde
787 1241 863 1286 iste
896 1240 1039 1287 dicit:
1089 1264 1109 1284 «
1147 1241 1275 1287 Sedes
1322 1252 1466 1288 autem

86 1332 107 1353 »
130 1312 278 1372 gloriae
300 1312 481 1358 exaltata
499 1323 578 1369 est,
605 1312 891 1358 sanctificatio
911 1323 1057 1359 nostra
1073 1313 1105 1360 5.
1132 1334 1152 1354 >³
1179 1314 1365 1376 Propter
1387 1313 1469 1359 hos

84 1384 200 1430 enim
220 1395 362 1430 motus
387 1384 670 1448 parvulorum
696 1421 707 1440 ,
745 1384 822 1448 qui
846 1395 1027 1448 possunt
1054 1385 1201 1431 seduci
1227 1385 1283 1430 ab
1313 1384 1465 1430 homi-

85 1455 215 1501 nibus
235 1454 623 1501 manifestationem
641 1455 848 1502 claritatis
866 1455 1087 1503 Ecclesiae.
1119 1456 1334 1501 Dominus
1351 1473 1466 1520 quo-

85 1543 169 1590 que
188 1527 432 1590 praevidens
448 1564 458 1583 ,
477 1527 537 1572 ait
557 1544 567 1571 :
596 1548 616 1568 c<
639 1527 736 1572 Non
762 1537 904 1590 potest
926 1527 1077 1572 civitas
1099 1526 1310 1572 abscondi
1336 1544 1468 1591 supra

86 1617 105 1638 υ
129 1607 320 1643 montem
339 1598 574 1643 constituta
592 1596 610 1625 ί*
633 1614 643 1642 z
665 1618 685 1638 »
715 1614 802 1661 qua
842 1597 993 1660 utique
1023 1596 1140 1642 sedes
1171 1596 1319 1657 gloriae
1345 1597 1465 1643 exal-

84 1678 170 1713 tata
190 1678 252 1713 est
274 1668 562 1714 sanctificatio
587 1678 731 1713 nostra
749 1705 759 1725 ‚
783 1679 831 1714 ut
863 1685 951 1713 non
971 1667 1205 1714 audiantur
1227 1667 1291 1713 illi
1310 1669 1386 1732 qui
1408 1668 1463 1714 ad

82 1739 338 1800 religionum
357 1740 561 1786 scissuras
581 1739 844 1792 traducunt,
872 1739 1062 1785 dicentes
1091 1757 1101 1785 :
1129 1762 1149 1781 «
1171 1741 1283 1785 Ecce
1306 1739 1382 1785 hic
1403 1750 1466 1785 est

83 1831 104 1852 »
131 1810 349 1868 Christus,
371 1828 470 1856 ecce
491 1810 581 1856 illic
599 1810 630 1856 5.
652 1832 672 1851 »
699 1811 847 1855 Partes
876 1810 991 1855 enim
1025 1810 1278 1866 ostendunt,
1306 1809 1462 1856 ‹licen-

84 1891 176 1927 tes:
203 1903 224 1923 «
248 1883 360 1927 Ecce
396 1882 499 1936 hic,
540 1898 638 1926 ecce
682 1880 786 1927 illic.
818 1902 838 1922 >2
865 1882 979 1926 Cum
1020 1880 1095 1928 illa
1136 1881 1289 1928 civitas
1332 1898 1462 1944 super

81 1963 272 1999 montem
292 1953 345 1998 sit
372 1970 382 1997 ε
411 1968 538 2015 quem
553 1963 764 2007 montem,
783 1952 864 1997 nisi
883 1969 980 1998 eum
998 1953 1074 2016 qui
1097 1952 1339 1999 secundum
1357 1970 1460 2016 pro·

79 2023 276 2088 phe-tiam
308 2022 497 2068 Danielis
520 2040 567 2068 ex
604 2039 740 2085 parvo
764 2021 910 2086 lapide
950 2024 1111 2080 crevit,
1152 2035 1194 2070 et
1224 2024 1365 2070 factus
1400 2034 1462 2070 est

80 2111 203 2140 mons
223 2110 402 2154 magnus
419 2094 455 2147 ⁶,
491 2093 549 2138 ita
573 2103 621 2138 ut
646 2093 848 2156 impleret
868 2094 1112 2139 universam
1142 2105 1296 2140 terram
1312 2098 1330 2140 f.)
1371 2094 1461 2140 Nec

78 2165 142 2211 illi
186 2164 437 2219 audiantur,
474 2163 550 2227 qui
581 2163 662 2208 sub
701 2165 874 2209 nomine
908 2165 1030 2228 quasi
1073 2176 1247 2211 secretae
1278 2175 1321 2210 et
1354 2182 1465 2229 apo-

80 2236 265 2300 cryphae
278 2235 471 2281 veritatis
495 2245 536 2281 et
553 2234 783 2281 hominum
798 2236 1030 2299 paucitatis
1053 2236 1232 2282 dicunt:
1253 2258 1273 2278 <c
1290 2237 1403 2282 Ecce
1421 2236 1466 2283 in

79 2327 100 2349 >2
123 2306 356 2362 cubiculis,
375 2305 531 2352 eccein
545 2305 711 2351 deserto
733 2323 744 2350 ε
769 2306 870 2370 quia
888 2324 975 2352 non
992 2317 1135 2371 potest
1158 2306 1369 2353 abscondi
1394 2307 1462 2352 ci-

78 2399 100 2419 »
121 2377 233 2424 vitas
263 2394 394 2441 super
427 2387 618 2422 montem
646 2378 880 2423 constituta
906 2377 942 2435 7,
979 2400 999 2419 »
1025 2379 1127 2442 quia
1167 2378 1285 2424 sedes
1311 2378 1460 2437 gloriae

77 2448 259 2495 exaltata
284 2459 346 2494 est
369 2448 653 2495 sanctificatio
676 2459 836 2496 nostra.

142 2519 260 2566 XIV.
291 2520 406 2566 Cum
426 2536 527 2580 ergo
554 2519 737 2565 Gentilis
758 2519 836 2566 iste
854 2520 921 2566 his
943 2532 1071 2586 atque
1091 2520 1347 2581 hujusmodi
1369 2519 1462 2566 aliis

126 2612 272 2644 ¹Jerem.
292 2622 375 2650 xvix,
400 2610 530 2644 11.--‘²
551 2624 560 2642 t
584 2614 657 2644 Cor.
676 2623 723 2648 ru,
747 2623 845 2651 17·—
866 2609 881 2634 3
899 2615 1017 2645 Jnrem.
1041 2623 1122 2650 xvxi,
1149 2623 1246 2642 12³..—
1262 2609 1275 2633 4
1294 2610 1410 2643 Matih.
1431 2622 1462 2648 v,

84 2668 134 2699 13.
153 2684 194 2690 -—
212 2663 289 2697 51d.
306 2676 394 2711 xxxv,
422 2668 474 2699 25.
490 2683 534 2690 -
553 2663 567 2686 ‘5
584 2669 662 2698 Dae.
680 2678 716 2705 11,
738 2669 776 2698 33
809 2685 852 2690 —
869 2666 883 2689 ⁷
903 2667 1127 2705 a1a2111.n1x·‚
1150 2667 1205 2699 25,
