<?xml version="1.0" encoding="UTF-8"?>
<!DOCTYPE html PUBLIC "-//W3C//DTD XHTML 1.0 Transitional//EN"
    "http://www.w3.org/TR/xhtml1/DTD/xhtml1-transitional.dtd">
<html xmlns="http://www.w3.org/1999/xhtml" xml:lang="en" lang="en">
 <head>
  <title>
</title>
<meta http-equiv="Content-Type" content="text/html;charset=utf-8" />
  <meta name='ocr-system' content='tesseract 3.04.00' />
  <meta name='ocr-capabilities' content='ocr_page ocr_carea ocr_par ocr_line ocrx_word'/>
</head>
<body>
  <div class='ocr_page' id='page_1' title='image "./operaomniaaccura28auguuoft/operaomniaaccura28auguuoft_0299.png"; bbox 0 0 1795 3253; ppageno 0'>
   <div class='ocr_carea' id='block_1_1' title="bbox 269 259 1452 322">
    <p class='ocr_par' dir='ltr' id='par_1_1' title="bbox 269 259 1452 322">
     <span class='ocr_line' id='line_1_1' title="bbox 269 259 1452 322; baseline -0.005 -11"><span class='ocrx_word' id='word_1_1' title='bbox 269 280 443 311; x_wconf 79' lang='lat' dir='ltr'><strong>CONTRA</strong></span> <span class='ocrx_word' id='word_1_2' title='bbox 478 278 678 310; x_wconf 73' lang='lat' dir='ltr'>FAUSTUM</span> <span class='ocrx_word' id='word_1_3' title='bbox 713 276 1013 311; x_wconf 64' lang='lat' dir='ltr'><strong>MANICHAEUM,</strong></span> <span class='ocrx_word' id='word_1_4' title='bbox 1054 276 1140 307; x_wconf 81' lang='lat' dir='ltr'>Llss.</span> <span class='ocrx_word' id='word_1_5' title='bbox 1182 276 1283 307; x_wconf 80' lang='lat' dir='ltr'>v111.</span> <span class='ocrx_word' id='word_1_6' title='bbox 1360 259 1452 322; x_wconf 65' lang='lat'>5289</span> 
     </span>
    </p>
   </div>
   <div class='ocr_carea' id='block_1_2' title="bbox 87 341 1473 2522">
    <p class='ocr_par' dir='ltr' id='par_1_2' title="bbox 87 341 1473 2522">
     <span class='ocr_line' id='line_1_2' title="bbox 89 341 1458 410; baseline -0.004 -17"><span class='ocrx_word' id='word_1_7' title='bbox 89 368 110 388; x_wconf 85' lang='lat'>»</span> <span class='ocrx_word' id='word_1_8' title='bbox 133 363 229 403; x_wconf 87' lang='lat' dir='ltr'>nos,</span> <span class='ocrx_word' id='word_1_9' title='bbox 250 347 296 392; x_wconf 89' lang='lat' dir='ltr'>in</span> <span class='ocrx_word' id='word_1_10' title='bbox 319 363 427 410; x_wconf 89' lang='lat' dir='ltr'>quos</span> <span class='ocrx_word' id='word_1_11' title='bbox 464 345 560 390; x_wconf 77' lang='lat' dir='ltr'>finis</span> <span class='ocrx_word' id='word_1_12' title='bbox 583 343 839 390; x_wconf 84' lang='lat' dir='ltr'>saeculorum</span> <span class='ocrx_word' id='word_1_13' title='bbox 875 342 1050 387; x_wconf 73' lang='lat' dir='ltr'>obvenit</span> <span class='ocrx_word' id='word_1_14' title='bbox 1065 341 1093 388; x_wconf 82' lang='lat'>¹.</span> <span class='ocrx_word' id='word_1_15' title='bbox 1117 363 1137 382; x_wconf 70' lang='lat'>&gt;³</span> <span class='ocrx_word' id='word_1_16' title='bbox 1178 342 1458 405; x_wconf 79' lang='lat' dir='ltr'>Quapropter</span> 
     </span>
     <span class='ocr_line' id='line_1_3' title="bbox 88 413 1460 477; baseline -0.004 -14"><span class='ocrx_word' id='word_1_17' title='bbox 88 434 175 463; x_wconf 90' lang='lat' dir='ltr'>non</span> <span class='ocrx_word' id='word_1_18' title='bbox 194 418 240 463; x_wconf 91' lang='lat' dir='ltr'>in</span> <span class='ocrx_word' id='word_1_19' title='bbox 269 417 471 463; x_wconf 88' lang='lat' dir='ltr'>servitute</span> <span class='ocrx_word' id='word_1_20' title='bbox 488 415 672 462; x_wconf 83' lang='lat' dir='ltr'>facimus</span> <span class='ocrx_word' id='word_1_21' title='bbox 691 431 789 477; x_wconf 79' lang='lat' dir='ltr'>quae</span> <span class='ocrx_word' id='word_1_22' title='bbox 802 417 920 473; x_wconf 84' lang='lat' dir='ltr'>jussa</span> <span class='ocrx_word' id='word_1_23' title='bbox 953 425 1053 459; x_wconf 85' lang='lat' dir='ltr'>sunt</span> <span class='ocrx_word' id='word_1_24' title='bbox 1071 413 1124 459; x_wconf 86' lang='lat' dir='ltr'>ad</span> <span class='ocrx_word' id='word_1_25' title='bbox 1149 431 1224 458; x_wconf 86' lang='lat' dir='ltr'>nos</span> <span class='ocrx_word' id='word_1_26' title='bbox 1245 430 1460 476; x_wconf 76' lang='lat' dir='ltr'>praenun-</span> 
     </span>
     <span class='ocr_line' id='line_1_4' title="bbox 87 483 1462 547; baseline -0.003 -14"><span class='ocrx_word' id='word_1_27' title='bbox 87 487 285 541; x_wconf 75' lang='lat' dir='ltr'>tiand0s3</span> <span class='ocrx_word' id='word_1_28' title='bbox 312 487 384 533; x_wconf 89' lang='lat' dir='ltr'>sed</span> <span class='ocrx_word' id='word_1_29' title='bbox 403 487 449 533; x_wconf 88' lang='lat' dir='ltr'>in</span> <span class='ocrx_word' id='word_1_30' title='bbox 467 487 667 532; x_wconf 86' lang='lat' dir='ltr'>libertate</span> <span class='ocrx_word' id='word_1_31' title='bbox 689 484 870 544; x_wconf 87' lang='lat' dir='ltr'>legimus</span> <span class='ocrx_word' id='word_1_32' title='bbox 889 500 987 547; x_wconf 74' lang='lat' dir='ltr'>quae</span> <span class='ocrx_word' id='word_1_33' title='bbox 1011 484 1171 546; x_wconf 89' lang='lat' dir='ltr'>scripta</span> <span class='ocrx_word' id='word_1_34' title='bbox 1189 494 1288 528; x_wconf 84' lang='lat' dir='ltr'>sunt</span> <span class='ocrx_word' id='word_1_35' title='bbox 1314 483 1365 528; x_wconf 89' lang='lat' dir='ltr'>ad</span> <span class='ocrx_word' id='word_1_36' title='bbox 1385 501 1462 529; x_wconf 87' lang='lat' dir='ltr'>nos</span> 
     </span>
     <span class='ocr_line' id='line_1_5' title="bbox 90 553 1462 619; baseline -0.004 -15"><span class='ocrx_word' id='word_1_37' title='bbox 90 557 426 604; x_wconf 88' lang='lat' dir='ltr'>confirmandos.</span> <span class='ocrx_word' id='word_1_38' title='bbox 476 557 585 614; x_wconf 88' lang='lat' dir='ltr'>Quis</span> <span class='ocrx_word' id='word_1_39' title='bbox 622 557 767 619; x_wconf 87' lang='lat' dir='ltr'>itaque</span> <span class='ocrx_word' id='word_1_40' title='bbox 800 558 891 614; x_wconf 82' lang='lat' dir='ltr'>jam</span> <span class='ocrx_word' id='word_1_41' title='bbox 937 572 1024 599; x_wconf 90' lang='lat' dir='ltr'>non</span> <span class='ocrx_word' id='word_1_42' title='bbox 1069 553 1278 613; x_wconf 83' lang='lat' dir='ltr'>intelligat</span> <span class='ocrx_word' id='word_1_43' title='bbox 1293 591 1302 608; x_wconf 74' lang='lat'><em>‚</em></span> <span class='ocrx_word' id='word_1_44' title='bbox 1349 554 1462 599; x_wconf 85' lang='lat' dir='ltr'>unde</span> 
     </span>
     <span class='ocr_line' id='line_1_6' title="bbox 91 624 1466 690; baseline -0.004 -16"><span class='ocrx_word' id='word_1_45' title='bbox 91 627 265 674; x_wconf 79' lang='lat' dir='ltr'>Galatas</span> <span class='ocrx_word' id='word_1_46' title='bbox 307 638 479 674; x_wconf 85' lang='lat' dir='ltr'>revocat</span> <span class='ocrx_word' id='word_1_47' title='bbox 522 626 753 690; x_wconf 77' lang='lat' dir='ltr'>Apostolus</span> <span class='ocrx_word' id='word_1_48' title='bbox 775 663 786 680; x_wconf 88' lang='lat'>‚</span> <span class='ocrx_word' id='word_1_49' title='bbox 824 642 912 670; x_wconf 85' lang='lat' dir='ltr'>non</span> <span class='ocrx_word' id='word_1_50' title='bbox 954 624 1148 684; x_wconf 78' lang='lat' dir='ltr'>religiose</span> <span class='ocrx_word' id='word_1_51' title='bbox 1194 625 1466 687; x_wconf 80' lang='lat' dir='ltr'>Scripturam</span> 
     </span>
     <span class='ocr_line' id='line_1_7' title="bbox 90 694 1466 758; baseline -0.004 -13"><span class='ocrx_word' id='word_1_52' title='bbox 90 698 432 744; x_wconf 84' lang='lat' dir='ltr'>circumcisionis</span> <span class='ocrx_word' id='word_1_53' title='bbox 448 697 680 758; x_wconf 80' lang='lat' dir='ltr'>legentes2,</span> <span class='ocrx_word' id='word_1_54' title='bbox 701 695 772 742; x_wconf 91' lang='lat' dir='ltr'>sed</span> <span class='ocrx_word' id='word_1_55' title='bbox 786 699 879 756; x_wconf 87' lang='lat' dir='ltr'>jam</span> <span class='ocrx_word' id='word_1_56' title='bbox 894 695 1184 758; x_wconf 84' lang='lat' dir='ltr'>superstitiose</span> <span class='ocrx_word' id='word_1_57' title='bbox 1209 694 1466 740; x_wconf 85' lang='lat' dir='ltr'>circumcidi</span> 
     </span>
     <span class='ocr_line' id='line_1_8' title="bbox 90 764 1469 831; baseline -0.004 -17"><span class='ocrx_word' id='word_1_58' title='bbox 90 767 312 814; x_wconf 73' lang='lat' dir='ltr'>volentes?</span> <span class='ocrx_word' id='word_1_59' title='bbox 347 768 469 814; x_wconf 84' lang='lat' dir='ltr'>Unde</span> <span class='ocrx_word' id='word_1_60' title='bbox 500 785 588 814; x_wconf 88' lang='lat' dir='ltr'>non</span> <span class='ocrx_word' id='word_1_61' title='bbox 620 783 817 831; x_wconf 86' lang='lat' dir='ltr'>pannum</span> <span class='ocrx_word' id='word_1_62' title='bbox 854 783 1015 811; x_wconf 80' lang='lat' dir='ltr'>novum</span> <span class='ocrx_word' id='word_1_63' title='bbox 1043 766 1295 811; x_wconf 68' lang='lat' dir='ltr'>vestimento</span> <span class='ocrx_word' id='word_1_64' title='bbox 1337 764 1469 810; x_wconf 68' lang='lat' dir='ltr'>veteri</span> 
     </span>
     <span class='ocr_line' id='line_1_9' title="bbox 87 836 1466 896; baseline -0.003 -12"><span class='ocrx_word' id='word_1_65' title='bbox 87 839 320 884; x_wconf 82' lang='lat' dir='ltr'>assuimus:</span> <span class='ocrx_word' id='word_1_66' title='bbox 353 838 426 884; x_wconf 89' lang='lat' dir='ltr'>sed</span> <span class='ocrx_word' id='word_1_67' title='bbox 457 838 685 884; x_wconf 87' lang='lat' dir='ltr'>erudimur</span> <span class='ocrx_word' id='word_1_68' title='bbox 706 837 751 882; x_wconf 88' lang='lat' dir='ltr'>in</span> <span class='ocrx_word' id='word_1_69' title='bbox 769 853 899 896; x_wconf 83' lang='lat' dir='ltr'>regno</span> <span class='ocrx_word' id='word_1_70' title='bbox 930 836 1163 891; x_wconf 86' lang='lat' dir='ltr'>coelorum,</span> <span class='ocrx_word' id='word_1_71' title='bbox 1185 836 1238 881; x_wconf 88' lang='lat' dir='ltr'>ad</span> <span class='ocrx_word' id='word_1_72' title='bbox 1260 836 1466 881; x_wconf 84' lang='lat' dir='ltr'>similitu—</span> 
     </span>
     <span class='ocr_line' id='line_1_10' title="bbox 91 907 1470 973; baseline -0.003 -18"><span class='ocrx_word' id='word_1_73' title='bbox 91 908 236 955; x_wconf 89' lang='lat' dir='ltr'>dinem</span> <span class='ocrx_word' id='word_1_74' title='bbox 258 909 371 955; x_wconf 89' lang='lat' dir='ltr'>illius</span> <span class='ocrx_word' id='word_1_75' title='bbox 393 908 731 973; x_wconf 76' lang='lat' dir='ltr'>patrisfamilias,</span> <span class='ocrx_word' id='word_1_76' title='bbox 769 924 899 972; x_wconf 88' lang='lat' dir='ltr'>quem</span> <span class='ocrx_word' id='word_1_77' title='bbox 920 918 1233 953; x_wconf 82' lang='lat' dir='ltr'>commemorat</span> <span class='ocrx_word' id='word_1_78' title='bbox 1258 907 1470 952; x_wconf 85' lang='lat' dir='ltr'>Dominus</span> 
     </span>
     <span class='ocr_line' id='line_1_11' title="bbox 91 977 1470 1043; baseline -0.003 -17"><span class='ocrx_word' id='word_1_79' title='bbox 91 979 379 1043; x_wconf 84' lang='lat' dir='ltr'>proferentem</span> <span class='ocrx_word' id='word_1_80' title='bbox 400 979 452 1026; x_wconf 91' lang='lat' dir='ltr'>de</span> <span class='ocrx_word' id='word_1_81' title='bbox 470 981 671 1026; x_wconf 87' lang='lat' dir='ltr'>thesauro</span> <span class='ocrx_word' id='word_1_82' title='bbox 689 996 764 1025; x_wconf 89' lang='lat' dir='ltr'>suo</span> <span class='ocrx_word' id='word_1_83' title='bbox 786 996 897 1024; x_wconf 80' lang='lat' dir='ltr'>nova</span> <span class='ocrx_word' id='word_1_84' title='bbox 910 989 952 1025; x_wconf 89' lang='lat' dir='ltr'>et</span> <span class='ocrx_word' id='word_1_85' title='bbox 973 989 1117 1024; x_wconf 77' lang='lat' dir='ltr'>vetera</span> <span class='ocrx_word' id='word_1_86' title='bbox 1134 977 1166 1024; x_wconf 74' lang='lat'>3.</span> <span class='ocrx_word' id='word_1_87' title='bbox 1190 999 1209 1019; x_wconf 81' lang='lat'>›&gt;</span> <span class='ocrx_word' id='word_1_88' title='bbox 1229 977 1306 1023; x_wconf 79' lang='lat' dir='ltr'>Ille</span> <span class='ocrx_word' id='word_1_89' title='bbox 1326 988 1470 1023; x_wconf 85' lang='lat' dir='ltr'>autem</span> 
     </span>
     <span class='ocr_line' id='line_1_12' title="bbox 93 1048 1469 1113; baseline -0.001 -19"><span class='ocrx_word' id='word_1_90' title='bbox 93 1050 222 1095; x_wconf 86' lang='lat' dir='ltr'>assuit</span> <span class='ocrx_word' id='word_1_91' title='bbox 234 1067 426 1113; x_wconf 89' lang='lat' dir='ltr'>pannum</span> <span class='ocrx_word' id='word_1_92' title='bbox 450 1068 612 1096; x_wconf 77' lang='lat' dir='ltr'>novum</span> <span class='ocrx_word' id='word_1_93' title='bbox 622 1050 877 1095; x_wconf 82' lang='lat' dir='ltr'>vestimento</span> <span class='ocrx_word' id='word_1_94' title='bbox 894 1050 1045 1104; x_wconf 73' lang='lat' dir='ltr'>veteri,</span> <span class='ocrx_word' id='word_1_95' title='bbox 1063 1049 1138 1111; x_wconf 93' lang='lat' dir='ltr'>qui</span> <span class='ocrx_word' id='word_1_96' title='bbox 1158 1048 1469 1094; x_wconf 82' lang='lat' dir='ltr'>continentiam</span> 
     </span>
     <span class='ocr_line' id='line_1_13' title="bbox 92 1119 1470 1184; baseline -0.002 -18"><span class='ocrx_word' id='word_1_97' title='bbox 92 1119 186 1166; x_wconf 87' lang='lat' dir='ltr'>vult</span> <span class='ocrx_word' id='word_1_98' title='bbox 204 1120 365 1166; x_wconf 87' lang='lat' dir='ltr'>habere</span> <span class='ocrx_word' id='word_1_99' title='bbox 389 1120 649 1184; x_wconf 78' lang='lat' dir='ltr'>spiritalem,</span> <span class='ocrx_word' id='word_1_100' title='bbox 672 1130 713 1165; x_wconf 89' lang='lat' dir='ltr'>et</span> <span class='ocrx_word' id='word_1_101' title='bbox 732 1119 928 1165; x_wconf 84' lang='lat' dir='ltr'>nondum</span> <span class='ocrx_word' id='word_1_102' title='bbox 957 1119 1159 1182; x_wconf 84' lang='lat' dir='ltr'>deposuit</span> <span class='ocrx_word' id='word_1_103' title='bbox 1183 1136 1302 1182; x_wconf 80' lang='lat' dir='ltr'>spem</span> <span class='ocrx_word' id='word_1_104' title='bbox 1321 1136 1470 1163; x_wconf 87' lang='lat' dir='ltr'>carna-</span> 
     </span>
     <span class='ocr_line' id='line_1_14' title="bbox 92 1190 1470 1252; baseline -0.001 -16"><span class='ocrx_word' id='word_1_105' title='bbox 92 1190 190 1238; x_wconf 88' lang='lat' dir='ltr'>lem.</span> <span class='ocrx_word' id='word_1_106' title='bbox 221 1193 333 1237; x_wconf 79' lang='lat' dir='ltr'>Nam</span> <span class='ocrx_word' id='word_1_107' title='bbox 354 1191 479 1252; x_wconf 88' lang='lat' dir='ltr'>legite</span> <span class='ocrx_word' id='word_1_108' title='bbox 491 1191 733 1251; x_wconf 77' lang='lat' dir='ltr'>diligenter,</span> <span class='ocrx_word' id='word_1_109' title='bbox 758 1202 799 1236; x_wconf 86' lang='lat' dir='ltr'>et</span> <span class='ocrx_word' id='word_1_110' title='bbox 818 1191 960 1236; x_wconf 75' lang='lat' dir='ltr'>videte</span> <span class='ocrx_word' id='word_1_111' title='bbox 985 1190 1038 1236; x_wconf 83' lang='lat' dir='ltr'>de</span> <span class='ocrx_word' id='word_1_112' title='bbox 1053 1191 1216 1250; x_wconf 84' lang='lat' dir='ltr'>jejunio</span> <span class='ocrx_word' id='word_1_113' title='bbox 1233 1190 1470 1236; x_wconf 86' lang='lat' dir='ltr'>Dominum</span> 
     </span>
     <span class='ocr_line' id='line_1_15' title="bbox 93 1262 1471 1325; baseline -0.001 -18"><span class='ocrx_word' id='word_1_114' title='bbox 93 1262 421 1322; x_wconf 80' lang='lat' dir='ltr'>interrogatum,</span> <span class='ocrx_word' id='word_1_115' title='bbox 436 1262 725 1325; x_wconf 84' lang='lat' dir='ltr'>respondisse:</span> <span class='ocrx_word' id='word_1_116' title='bbox 749 1282 766 1301; x_wconf 74' lang='grc' dir='ltr'>α</span> <span class='ocrx_word' id='word_1_117' title='bbox 786 1263 921 1307; x_wconf 63' lang='lat' dir='ltr'>Nemo</span> <span class='ocrx_word' id='word_1_118' title='bbox 939 1262 1070 1307; x_wconf 77' lang='lat' dir='ltr'>assuit</span> <span class='ocrx_word' id='word_1_119' title='bbox 1089 1278 1285 1324; x_wconf 86' lang='lat' dir='ltr'>pannum</span> <span class='ocrx_word' id='word_1_120' title='bbox 1309 1278 1471 1307; x_wconf 79' lang='lat' dir='ltr'>novum</span> 
     </span>
     <span class='ocr_line' id='line_1_16' title="bbox 95 1332 1470 1396; baseline -0.001 -18"><span class='ocrx_word' id='word_1_121' title='bbox 95 1353 115 1374; x_wconf 86' lang='lat'>»</span> <span class='ocrx_word' id='word_1_122' title='bbox 142 1333 396 1379; x_wconf 81' lang='lat' dir='ltr'>vestimento</span> <span class='ocrx_word' id='word_1_123' title='bbox 419 1332 598 1379; x_wconf 42' lang='lat' dir='ltr'>veteri&amp;</span> <span class='ocrx_word' id='word_1_124' title='bbox 633 1355 651 1373; x_wconf 83' lang='lat'>›&gt;</span> <span class='ocrx_word' id='word_1_125' title='bbox 669 1332 824 1378; x_wconf 75' lang='lat' dir='ltr'>Adhuc</span> <span class='ocrx_word' id='word_1_126' title='bbox 846 1334 959 1377; x_wconf 85' lang='lat' dir='ltr'>enim</span> <span class='ocrx_word' id='word_1_127' title='bbox 991 1332 1205 1396; x_wconf 88' lang='lat' dir='ltr'>Discipuli</span> <span class='ocrx_word' id='word_1_128' title='bbox 1232 1332 1470 1377; x_wconf 86' lang='lat' dir='ltr'>Dominum</span> 
     </span>
     <span class='ocr_line' id='line_1_17' title="bbox 95 1402 1473 1466; baseline 0 -19"><span class='ocrx_word' id='word_1_129' title='bbox 95 1403 322 1449; x_wconf 79' lang='lat' dir='ltr'>carnaliter</span> <span class='ocrx_word' id='word_1_130' title='bbox 355 1403 618 1463; x_wconf 73' lang='lat' dir='ltr'>diligebant,</span> <span class='ocrx_word' id='word_1_131' title='bbox 646 1402 1004 1466; x_wconf 85' lang='lat' dir='ltr'>quandoquidem</span> <span class='ocrx_word' id='word_1_132' title='bbox 1039 1403 1165 1448; x_wconf 85' lang='lat' dir='ltr'>etiam</span> <span class='ocrx_word' id='word_1_133' title='bbox 1196 1420 1248 1448; x_wconf 85' lang='lat' dir='ltr'>nc</span> <span class='ocrx_word' id='word_1_134' title='bbox 1281 1403 1473 1449; x_wconf 88' lang='lat' dir='ltr'>occisum</span> 
     </span>
     <span class='ocr_line' id='line_1_18' title="bbox 96 1473 1470 1527; baseline 0 -9"><span class='ocrx_word' id='word_1_135' title='bbox 96 1474 367 1527; x_wconf 81' lang='lat' dir='ltr'>amitterent,</span> <span class='ocrx_word' id='word_1_136' title='bbox 395 1473 707 1520; x_wconf 81' lang='lat' dir='ltr'>formidabant.</span> <span class='ocrx_word' id='word_1_137' title='bbox 734 1473 859 1519; x_wconf 72' lang='lat' dir='ltr'>[Tude</span> <span class='ocrx_word' id='word_1_138' title='bbox 889 1475 1064 1519; x_wconf 86' lang='lat' dir='ltr'>Petrum</span> <span class='ocrx_word' id='word_1_139' title='bbox 1088 1485 1362 1519; x_wconf 81' lang='lat' dir='ltr'>revocantem</span> <span class='ocrx_word' id='word_1_140' title='bbox 1386 1491 1426 1518; x_wconf 86' lang='lat' dir='ltr'>se</span> <span class='ocrx_word' id='word_1_141' title='bbox 1448 1491 1470 1518; x_wconf 89' lang='lat' dir='ltr'>a</span> 
     </span>
     <span class='ocr_line' id='line_1_19' title="bbox 94 1543 1468 1608; baseline -0.001 -19"><span class='ocrx_word' id='word_1_142' title='bbox 94 1544 308 1606; x_wconf 75' lang='lat' dir='ltr'>passione,</span> <span class='ocrx_word' id='word_1_143' title='bbox 339 1544 576 1589; x_wconf 85' lang='lat' dir='ltr'>Sathanam</span> <span class='ocrx_word' id='word_1_144' title='bbox 594 1543 788 1607; x_wconf 81' lang='lat' dir='ltr'>appellat</span> <span class='ocrx_word' id='word_1_145' title='bbox 807 1582 816 1599; x_wconf 82' lang='lat'><strong><em>‚</em></strong></span> <span class='ocrx_word' id='word_1_146' title='bbox 838 1543 958 1607; x_wconf 82' lang='lat' dir='ltr'>quod</span> <span class='ocrx_word' id='word_1_147' title='bbox 980 1562 1066 1589; x_wconf 87' lang='lat' dir='ltr'>non</span> <span class='ocrx_word' id='word_1_148' title='bbox 1091 1555 1257 1607; x_wconf 85' lang='lat' dir='ltr'>saperet</span> <span class='ocrx_word' id='word_1_149' title='bbox 1271 1560 1371 1608; x_wconf 76' lang='lat' dir='ltr'>quae</span> <span class='ocrx_word' id='word_1_150' title='bbox 1389 1544 1468 1588; x_wconf 88' lang='lat' dir='ltr'>Dei</span> 
     </span>
     <span class='ocr_line' id='line_1_20' title="bbox 94 1613 1468 1678; baseline 0 -20"><span class='ocrx_word' id='word_1_151' title='bbox 94 1623 210 1669; x_wconf 78' lang='lat' dir='ltr'>sunt,</span> <span class='ocrx_word' id='word_1_152' title='bbox 231 1614 303 1659; x_wconf 90' lang='lat' dir='ltr'>sed</span> <span class='ocrx_word' id='word_1_153' title='bbox 316 1631 416 1678; x_wconf 84' lang='lat' dir='ltr'>quae</span> <span class='ocrx_word' id='word_1_154' title='bbox 433 1614 665 1659; x_wconf 88' lang='lat' dir='ltr'>hominum</span> <span class='ocrx_word' id='word_1_155' title='bbox 683 1613 716 1660; x_wconf 79' lang='lat'>5.</span> <span class='ocrx_word' id='word_1_156' title='bbox 739 1614 929 1660; x_wconf 86' lang='lat' dir='ltr'>Proinde</span> <span class='ocrx_word' id='word_1_157' title='bbox 945 1614 1150 1660; x_wconf 83' lang='lat' dir='ltr'>attendite</span> <span class='ocrx_word' id='word_1_158' title='bbox 1166 1615 1211 1659; x_wconf 91' lang='lat' dir='ltr'>in</span> <span class='ocrx_word' id='word_1_159' title='bbox 1235 1614 1306 1659; x_wconf 92' lang='lat' dir='ltr'>illa</span> <span class='ocrx_word' id='word_1_160' title='bbox 1325 1613 1468 1676; x_wconf 81' lang='lat' dir='ltr'>phau-</span> 
     </span>
     <span class='ocr_line' id='line_1_21' title="bbox 96 1683 1468 1744; baseline 0 -17"><span class='ocrx_word' id='word_1_161' title='bbox 96 1684 200 1729; x_wconf 85' lang='lat' dir='ltr'>tasia</span> <span class='ocrx_word' id='word_1_162' title='bbox 218 1694 357 1730; x_wconf 75' lang='lat' dir='ltr'>vestra</span> <span class='ocrx_word' id='word_1_163' title='bbox 377 1684 430 1730; x_wconf 88' lang='lat' dir='ltr'>de</span> <span class='ocrx_word' id='word_1_164' title='bbox 451 1701 582 1744; x_wconf 89' lang='lat' dir='ltr'>regno</span> <span class='ocrx_word' id='word_1_165' title='bbox 612 1684 716 1739; x_wconf 78' lang='lat' dir='ltr'>Dei,</span> <span class='ocrx_word' id='word_1_166' title='bbox 745 1684 861 1729; x_wconf 88' lang='lat' dir='ltr'>unde</span> <span class='ocrx_word' id='word_1_167' title='bbox 892 1684 1017 1729; x_wconf 85' lang='lat' dir='ltr'>istam</span> <span class='ocrx_word' id='word_1_168' title='bbox 1058 1684 1201 1730; x_wconf 90' lang='lat' dir='ltr'>lucem</span> <span class='ocrx_word' id='word_1_169' title='bbox 1230 1684 1327 1729; x_wconf 85' lang='lat' dir='ltr'>solis</span> <span class='ocrx_word' id='word_1_170' title='bbox 1349 1683 1468 1728; x_wconf 83' lang='lat' dir='ltr'>carni</span> 
     </span>
     <span class='ocr_line' id='line_1_22' title="bbox 95 1751 1466 1818; baseline -0.001 -19"><span class='ocrx_word' id='word_1_171' title='bbox 95 1754 375 1817; x_wconf 88' lang='lat' dir='ltr'>conspicuam</span> <span class='ocrx_word' id='word_1_172' title='bbox 394 1765 601 1818; x_wconf 89' lang='lat' dir='ltr'>tanquam</span> <span class='ocrx_word' id='word_1_173' title='bbox 618 1754 671 1799; x_wconf 88' lang='lat' dir='ltr'>ad</span> <span class='ocrx_word' id='word_1_174' title='bbox 694 1753 937 1817; x_wconf 77' lang='lat' dir='ltr'>exemplum</span> <span class='ocrx_word' id='word_1_175' title='bbox 959 1754 1084 1800; x_wconf 74' lang='lat' dir='ltr'>vobis</span> <span class='ocrx_word' id='word_1_176' title='bbox 1106 1754 1377 1818; x_wconf 84' lang='lat' dir='ltr'>propositam</span> <span class='ocrx_word' id='word_1_177' title='bbox 1401 1751 1466 1797; x_wconf 88' lang='lat' dir='ltr'>di-</span> 
     </span>
     <span class='ocr_line' id='line_1_23' title="bbox 93 1823 1467 1889; baseline -0.001 -20"><span class='ocrx_word' id='word_1_178' title='bbox 93 1823 225 1884; x_wconf 86' lang='lat' dir='ltr'>ligitis</span> <span class='ocrx_word' id='word_1_179' title='bbox 243 1836 283 1871; x_wconf 90' lang='lat' dir='ltr'>et</span> <span class='ocrx_word' id='word_1_180' title='bbox 308 1825 513 1882; x_wconf 83' lang='lat' dir='ltr'>adoratis,</span> <span class='ocrx_word' id='word_1_181' title='bbox 541 1843 672 1889; x_wconf 85' lang='lat' dir='ltr'>quam</span> <span class='ocrx_word' id='word_1_182' title='bbox 696 1825 910 1871; x_wconf 86' lang='lat' dir='ltr'>carnalem</span> <span class='ocrx_word' id='word_1_183' title='bbox 934 1843 1052 1889; x_wconf 82' lang='lat' dir='ltr'>spem</span> <span class='ocrx_word' id='word_1_184' title='bbox 1074 1825 1254 1885; x_wconf 84' lang='lat' dir='ltr'>geratis:</span> <span class='ocrx_word' id='word_1_185' title='bbox 1283 1834 1324 1869; x_wconf 86' lang='lat' dir='ltr'>ct</span> <span class='ocrx_word' id='word_1_186' title='bbox 1343 1824 1467 1868; x_wconf 79' lang='lat' dir='ltr'>inve-</span> 
     </span>
     <span class='ocr_line' id='line_1_24' title="bbox 95 1895 1465 1962; baseline -0.003 -22"><span class='ocrx_word' id='word_1_187' title='bbox 95 1895 219 1962; x_wconf 77' lang='lat' dir='ltr'>nietis</span> <span class='ocrx_word' id='word_1_188' title='bbox 234 1896 398 1955; x_wconf 82' lang='lat' dir='ltr'>jejunia</span> <span class='ocrx_word' id='word_1_189' title='bbox 413 1906 550 1942; x_wconf 84' lang='lat' dir='ltr'>vestra</span> <span class='ocrx_word' id='word_1_190' title='bbox 564 1895 788 1960; x_wconf 86' lang='lat' dir='ltr'>quomodo</span> <span class='ocrx_word' id='word_1_191' title='bbox 805 1895 1054 1958; x_wconf 80' lang='lat' dir='ltr'>prudentiae</span> <span class='ocrx_word' id='word_1_192' title='bbox 1078 1895 1235 1950; x_wconf 70' lang='lat' dir='ltr'>carnis,</span> <span class='ocrx_word' id='word_1_193' title='bbox 1258 1905 1465 1957; x_wconf 83' lang='lat' dir='ltr'>tanquam</span> 
     </span>
     <span class='ocr_line' id='line_1_25' title="bbox 94 1965 1470 2028; baseline -0.003 -18"><span class='ocrx_word' id='word_1_194' title='bbox 94 1965 348 2011; x_wconf 85' lang='lat' dir='ltr'>vestimento</span> <span class='ocrx_word' id='word_1_195' title='bbox 384 1966 519 2011; x_wconf 73' lang='lat' dir='ltr'>veteri</span> <span class='ocrx_word' id='word_1_196' title='bbox 551 1976 788 2011; x_wconf 87' lang='lat' dir='ltr'>assuantur.</span> <span class='ocrx_word' id='word_1_197' title='bbox 830 1965 1137 2010; x_wconf 82' lang='lat' dir='ltr'>Verumtamen</span> <span class='ocrx_word' id='word_1_198' title='bbox 1175 1982 1276 2010; x_wconf 86' lang='lat' dir='ltr'>cum</span> <span class='ocrx_word' id='word_1_199' title='bbox 1299 1979 1470 2028; x_wconf 86' lang='lat' dir='ltr'>pannus</span> 
     </span>
     <span class='ocr_line' id='line_1_26' title="bbox 95 2035 1469 2099; baseline -0.002 -19"><span class='ocrx_word' id='word_1_200' title='bbox 95 2052 233 2080; x_wconf 83' lang='lat' dir='ltr'>novus</span> <span class='ocrx_word' id='word_1_201' title='bbox 251 2036 509 2082; x_wconf 74' lang='lat' dir='ltr'>vestimento</span> <span class='ocrx_word' id='word_1_202' title='bbox 542 2036 673 2081; x_wconf 74' lang='lat' dir='ltr'>veteri</span> <span class='ocrx_word' id='word_1_203' title='bbox 696 2053 785 2081; x_wconf 90' lang='lat' dir='ltr'>non</span> <span class='ocrx_word' id='word_1_204' title='bbox 822 2035 1066 2091; x_wconf 74' lang='lat' dir='ltr'>conveniat,</span> <span class='ocrx_word' id='word_1_205' title='bbox 1096 2035 1211 2081; x_wconf 89' lang='lat' dir='ltr'>unde</span> <span class='ocrx_word' id='word_1_206' title='bbox 1229 2042 1469 2099; x_wconf 84' lang='lat' dir='ltr'>potuerunt</span> 
     </span>
     <span class='ocr_line' id='line_1_27' title="bbox 94 2105 1466 2169; baseline -0.001 -18"><span class='ocrx_word' id='word_1_207' title='bbox 94 2105 372 2169; x_wconf 86' lang='lat' dir='ltr'>principibus</span> <span class='ocrx_word' id='word_1_208' title='bbox 387 2107 665 2152; x_wconf 86' lang='lat' dir='ltr'>tenebrarum</span> <span class='ocrx_word' id='word_1_209' title='bbox 683 2107 878 2152; x_wconf 84' lang='lat' dir='ltr'>membra</span> <span class='ocrx_word' id='word_1_210' title='bbox 892 2107 972 2152; x_wconf 86' lang='lat' dir='ltr'>Dei</span> <span class='ocrx_word' id='word_1_211' title='bbox 991 2107 1136 2163; x_wconf 78' lang='lat' dir='ltr'>vestri,</span> <span class='ocrx_word' id='word_1_212' title='bbox 1152 2124 1240 2152; x_wconf 88' lang='lat' dir='ltr'>non</span> <span class='ocrx_word' id='word_1_213' title='bbox 1261 2106 1327 2166; x_wconf 85' lang='lat' dir='ltr'>adj</span> <span class='ocrx_word' id='word_1_214' title='bbox 1335 2115 1466 2152; x_wconf 78' lang='lat' dir='ltr'>uncta</span> 
     </span>
     <span class='ocr_line' id='line_1_28' title="bbox 97 2176 1469 2240; baseline -0.001 -19"><span class='ocrx_word' id='word_1_215' title='bbox 97 2185 226 2239; x_wconf 86' lang='lat' dir='ltr'>atque</span> <span class='ocrx_word' id='word_1_216' title='bbox 248 2188 427 2223; x_wconf 88' lang='lat' dir='ltr'>consuta</span> <span class='ocrx_word' id='word_1_217' title='bbox 445 2214 455 2233; x_wconf 83' lang='lat'>‚</span> <span class='ocrx_word' id='word_1_218' title='bbox 499 2176 572 2222; x_wconf 92' lang='lat' dir='ltr'>sed</span> <span class='ocrx_word' id='word_1_219' title='bbox 596 2177 716 2240; x_wconf 88' lang='lat' dir='ltr'>quod</span> <span class='ocrx_word' id='word_1_220' title='bbox 739 2188 800 2222; x_wconf 89' lang='lat' dir='ltr'>est</span> <span class='ocrx_word' id='word_1_221' title='bbox 820 2177 1116 2223; x_wconf 73' lang='lat' dir='ltr'>vehementius</span> <span class='ocrx_word' id='word_1_222' title='bbox 1130 2214 1140 2233; x_wconf 84' lang='lat'>‚</span> <span class='ocrx_word' id='word_1_223' title='bbox 1176 2177 1405 2223; x_wconf 77' lang='lat' dir='ltr'>commixta</span> <span class='ocrx_word' id='word_1_224' title='bbox 1427 2184 1469 2220; x_wconf 86' lang='lat' dir='ltr'>et</span> 
     </span>
     <span class='ocr_line' id='line_1_29' title="bbox 97 2248 1468 2312; baseline 0.001 -21"><span class='ocrx_word' id='word_1_225' title='bbox 97 2257 299 2293; x_wconf 86' lang='lat' dir='ltr'>concreta</span> <span class='ocrx_word' id='word_1_226' title='bbox 322 2248 574 2295; x_wconf 69' lang='lat' dir='ltr'>cohaerere?</span> <span class='ocrx_word' id='word_1_227' title='bbox 592 2251 659 2295; x_wconf 87' lang='lat' dir='ltr'>An</span> <span class='ocrx_word' id='word_1_228' title='bbox 681 2259 913 2312; x_wconf 88' lang='lat' dir='ltr'>utrumque</span> <span class='ocrx_word' id='word_1_229' title='bbox 930 2259 1051 2294; x_wconf 73' lang='lat' dir='ltr'>vetus</span> <span class='ocrx_word' id='word_1_230' title='bbox 1071 2259 1149 2305; x_wconf 84' lang='lat' dir='ltr'>est,</span> <span class='ocrx_word' id='word_1_231' title='bbox 1172 2249 1275 2312; x_wconf 88' lang='lat' dir='ltr'>quia</span> <span class='ocrx_word' id='word_1_232' title='bbox 1299 2258 1468 2293; x_wconf 88' lang='lat' dir='ltr'>utrum-</span> 
     </span>
     <span class='ocr_line' id='line_1_30' title="bbox 97 2315 1471 2382; baseline 0.001 -21"><span class='ocrx_word' id='word_1_233' title='bbox 97 2333 183 2379; x_wconf 88' lang='lat' dir='ltr'>que</span> <span class='ocrx_word' id='word_1_234' title='bbox 197 2315 371 2374; x_wconf 79' lang='lat' dir='ltr'>salsum,</span> <span class='ocrx_word' id='word_1_235' title='bbox 400 2329 442 2364; x_wconf 88' lang='lat' dir='ltr'>et</span> <span class='ocrx_word' id='word_1_236' title='bbox 470 2330 704 2382; x_wconf 84' lang='lat' dir='ltr'>utrumque</span> <span class='ocrx_word' id='word_1_237' title='bbox 728 2318 781 2364; x_wconf 89' lang='lat' dir='ltr'>de</span> <span class='ocrx_word' id='word_1_238' title='bbox 821 2318 1055 2382; x_wconf 85' lang='lat' dir='ltr'>prudentia</span> <span class='ocrx_word' id='word_1_239' title='bbox 1089 2319 1228 2364; x_wconf 88' lang='lat' dir='ltr'>carnis</span> <span class='ocrx_word' id='word_1_240' title='bbox 1251 2321 1342 2363; x_wconf 67' lang='lat' dir='ltr'>est?</span> <span class='ocrx_word' id='word_1_241' title='bbox 1378 2317 1471 2363; x_wconf 66' lang='lat' dir='ltr'>Nisi</span> 
     </span>
     <span class='ocr_line' id='line_1_31' title="bbox 96 2386 1471 2454; baseline 0 -22"><span class='ocrx_word' id='word_1_242' title='bbox 96 2386 208 2434; x_wconf 85' lang='lat' dir='ltr'>forte</span> <span class='ocrx_word' id='word_1_243' title='bbox 245 2388 346 2434; x_wconf 85' lang='lat' dir='ltr'>inde</span> <span class='ocrx_word' id='word_1_244' title='bbox 374 2389 505 2436; x_wconf 84' lang='lat' dir='ltr'>vultis</span> <span class='ocrx_word' id='word_1_245' title='bbox 531 2390 721 2454; x_wconf 82' lang='lat' dir='ltr'>probare</span> <span class='ocrx_word' id='word_1_246' title='bbox 744 2407 880 2435; x_wconf 89' lang='lat' dir='ltr'>unum</span> <span class='ocrx_word' id='word_1_247' title='bbox 908 2389 1035 2435; x_wconf 64' lang='lat' dir='ltr'>fuisse</span> <span class='ocrx_word' id='word_1_248' title='bbox 1062 2407 1241 2446; x_wconf 77' lang='lat' dir='ltr'>novum,</span> <span class='ocrx_word' id='word_1_249' title='bbox 1289 2388 1471 2435; x_wconf 84' lang='lat' dir='ltr'>alterum</span> 
     </span>
     <span class='ocr_line' id='line_1_32' title="bbox 96 2459 1469 2522; baseline -0.001 -17"><span class='ocrx_word' id='word_1_250' title='bbox 96 2468 238 2515; x_wconf 84' lang='lat' dir='ltr'>vetus,</span> <span class='ocrx_word' id='word_1_251' title='bbox 258 2460 362 2522; x_wconf 86' lang='lat' dir='ltr'>quia</span> <span class='ocrx_word' id='word_1_252' title='bbox 383 2464 523 2520; x_wconf 86' lang='lat' dir='ltr'>major</span> <span class='ocrx_word' id='word_1_253' title='bbox 542 2462 723 2506; x_wconf 88' lang='lat' dir='ltr'>scissura</span> <span class='ocrx_word' id='word_1_254' title='bbox 759 2459 872 2506; x_wconf 84' lang='lat' dir='ltr'>facta</span> <span class='ocrx_word' id='word_1_255' title='bbox 897 2471 980 2519; x_wconf 80' lang='lat' dir='ltr'>est3</span> <span class='ocrx_word' id='word_1_256' title='bbox 1006 2471 1054 2506; x_wconf 87' lang='lat' dir='ltr'>ut</span> <span class='ocrx_word' id='word_1_257' title='bbox 1081 2459 1335 2506; x_wconf 85' lang='lat' dir='ltr'>miserabilis</span> <span class='ocrx_word' id='word_1_258' title='bbox 1352 2475 1469 2522; x_wconf 86' lang='lat' dir='ltr'>pan-</span> 
     </span>
    </p>
   </div>
   <div class='ocr_carea' id='block_1_3' title="bbox 97 2548 1473 2643">
    <p class='ocr_par' dir='ltr' id='par_1_3' title="bbox 97 2548 1473 2643">
     <span class='ocr_line' id='line_1_33' title="bbox 152 2548 1473 2593; baseline 0.002 -14"><span class='ocrx_word' id='word_1_259' title='bbox 152 2549 164 2572; x_wconf 85' lang='lat'>1</span> <span class='ocrx_word' id='word_1_260' title='bbox 189 2560 202 2579; x_wconf 93' lang='lat'>1</span> <span class='ocrx_word' id='word_1_261' title='bbox 224 2550 302 2583; x_wconf 88' lang='lat' dir='ltr'>Cor.</span> <span class='ocrx_word' id='word_1_262' title='bbox 323 2562 357 2589; x_wconf 83' lang='lat' dir='ltr'>x,</span> <span class='ocrx_word' id='word_1_263' title='bbox 380 2561 480 2584; x_wconf 83' lang='lat'>11.-—</span> <span class='ocrx_word' id='word_1_264' title='bbox 496 2549 511 2573; x_wconf 87' lang='lat'><strong>2</strong></span> <span class='ocrx_word' id='word_1_265' title='bbox 526 2551 631 2585; x_wconf 84' lang='lat' dir='ltr'>Galat.</span> <span class='ocrx_word' id='word_1_266' title='bbox 646 2563 679 2593; x_wconf 84' lang='lat' dir='ltr'>v,</span> <span class='ocrx_word' id='word_1_267' title='bbox 706 2562 786 2586; x_wconf 77' lang='grc'><strong>1,-</strong></span> <span class='ocrx_word' id='word_1_268' title='bbox 803 2548 817 2573; x_wconf 87' lang='grc'><strong>3</strong></span> <span class='ocrx_word' id='word_1_269' title='bbox 834 2551 951 2585; x_wconf 73' lang='lat' dir='ltr'>Matth.</span> <span class='ocrx_word' id='word_1_270' title='bbox 970 2564 1045 2593; x_wconf 84' lang='lat' dir='ltr'>xm,</span> <span class='ocrx_word' id='word_1_271' title='bbox 1063 2553 1173 2585; x_wconf 74' lang='lat'>52.-</span> <span class='ocrx_word' id='word_1_272' title='bbox 1196 2549 1210 2572; x_wconf 81' lang='lat'>⁴</span> <span class='ocrx_word' id='word_1_273' title='bbox 1225 2551 1274 2585; x_wconf 90' lang='lat' dir='ltr'>Id.</span> <span class='ocrx_word' id='word_1_274' title='bbox 1291 2561 1337 2589; x_wconf 79' lang='lat' dir='ltr'>xx,</span> <span class='ocrx_word' id='word_1_275' title='bbox 1360 2551 1412 2582; x_wconf 88' lang='lat'>16.</span> <span class='ocrx_word' id='word_1_276' title='bbox 1427 2565 1473 2572; x_wconf 94' lang='lat'>--</span> 
     </span>
     <span class='ocr_line' id='line_1_34' title="bbox 97 2602 345 2643; baseline 0 -7"><span class='ocrx_word' id='word_1_277' title='bbox 97 2602 112 2629; x_wconf 82' lang='lat'>⁵</span> <span class='ocrx_word' id='word_1_278' title='bbox 129 2603 178 2638; x_wconf 87' lang='lat' dir='ltr'>1d.</span> <span class='ocrx_word' id='word_1_279' title='bbox 196 2615 265 2643; x_wconf 76' lang='lat' dir='ltr'>xv1,</span> <span class='ocrx_word' id='word_1_280' title='bbox 288 2606 345 2639; x_wconf 76' lang='lat'>23.</span> 
     </span>
    </p>
   </div>
   <div class='ocr_carea' id='block_1_4' title="bbox 228 2671 1346 2722">
    <p class='ocr_par' dir='ltr' id='par_1_4' title="bbox 228 2671 1346 2722">
     <span class='ocr_line' id='line_1_35' title="bbox 228 2671 1346 2722; baseline -0.004 -20"><span class='ocrx_word' id='word_1_281' title='bbox 228 2671 388 2704; x_wconf 77' lang='lat' dir='ltr'>CXXXV.</span> <span class='ocrx_word' id='word_1_282' title='bbox 1290 2675 1305 2704; x_wconf 79' lang='lat'>1</span> <span class='ocrx_word' id='word_1_283' title='bbox 1317 2675 1346 2722; x_wconf 78' lang='lat'>9</span> 
     </span>
    </p>
   </div>
  </div>
 </body>
</html>
