1795 3253
309 256 403 314 [4¹8
735 268 771 299 s.
813 267 1056 300 mensum
1092 268 1295 302 EPISCOPI

305 337 433 383 nobis
465 334 591 381 exosi.
625 334 772 390 Quare
800 334 830 379 si
856 345 896 380 et
924 335 1089 397 Moyses
1115 334 1357 381 secundum
1381 337 1469 385 hoc
1494 339 1691 387 testimo-

309 408 430 453 nium
456 406 508 452 de
541 405 719 450 Christo
755 404 921 469 aliquid
952 405 1150 468 scripsit,
1190 407 1402 470 accipiam
1425 410 1513 455 :ita
1550 421 1694 459 tamen

313 490 362 524 ut
387 479 470 541 ipsi
494 477 579 523 hoc
608 475 783 521 minime
820 475 956 539 prosit
988 475 1040 521 ad
1069 476 1381 539 captivandum
1412 497 1480 526 me
1511 481 1555 527 in
1585 500 1695 546 pro-

319 549 456 612 priam
500 549 659 608 legem,
690 564 822 610 quam
853 546 965 592 nihil
999 546 1169 592 videam
1191 566 1213 592 a
1237 550 1491 611 paganismo
1516 551 1689 600 distare,

316 622 599 684 Quapropter
628 618 740 664 nihil
764 618 942 663 omnino
969 627 1030 662 est
1054 616 1174 680 quod
1203 619 1440 676 arbitreris,
1471 622 1503 667 si
1528 623 1698 685 proba-

319 707 410 741 tum
434 694 517 739 hoc
542 691 689 747 fuerit,
718 707 785 735 me
811 690 988 735 minime
1011 689 1276 749 gavisurum,
1299 691 1503 754 spiritum
1528 711 1700 741 omnem

318 764 605 831 prophetasse
626 761 679 807 de
708 761 898 807 Christo.
922 782 943 803 »

384 838 442 882 ll,
477 834 611 880 «Tibi
632 850 732 879 sane
753 832 1011 878 sussicientes
1034 830 1214 878 reseram
1240 833 1416 893 gratias,
1443 835 1478 881 si
1496 836 1705 900 quemad-

319 907 500 955 modum
524 904 738 961 ostendis‚
767 904 869 968 quia
900 904 1100 949 Christus
1132 905 1311 968 Moysen
1336 905 1390 951 de
1424 923 1465 952 se
1487 908 1705 972 scripsisse

320 989 498 1026 testatus
518 977 588 1032 sit,
618 976 679 1021 ita
713 975 843 1020 etiam
868 974 975 1020 illud
1001 974 1180 1029 doceas,
1204 992 1409 1038 quaenam
1429 978 1514 1023 sint
1537 995 1585 1025 ea
1604 995 1705 1042 quae

322 1050 509 1113 scripsit.
536 1048 648 1093 Nam
680 1063 757 1106 ego
782 1044 960 1109 quidem
998 1045 1249 1109 Scripturas
1268 1051 1358 1108 ejus
1389 1059 1704 1111 perscrutatus,

324 1132 371 1168 ut
382 1125 550 1181 jussum
569 1129 649 1173 est,
671 1117 810 1163 nullas
825 1116 990 1162 ibidem
1005 1117 1059 1162 de
1082 1117 1259 1164 Christo
1273 1120 1528 1182 prophetias
1542 1120 1706 1177 inveni,

326 1193 414 1239 sive
435 1191 538 1254 quia
562 1189 696 1236 nullae
713 1199 830 1243 sunt,
859 1188 945 1234 sive
961 1188 1063 1251 quia
1087 1189 1323 1249 intelligere
1340 1191 1431 1254 ipse
1452 1208 1538 1237 non
1564 1192 1705 1255 potui.

328 1262 454 1310 Unde
474 1262 519 1308 in
533 1260 697 1321 ingenti
724 1259 890 1322 positus
912 1269 1039 1315 aestu,
1072 1260 1239 1306 ratione
1261 1263 1446 1321 cogebar
1464 1262 1508 1307 in
1532 1262 1713 1308 alterum

327 1353 349 1382 e
371 1333 564 1387 duobus,
582 1342 632 1378 ut
661 1342 735 1376 aut
756 1329 913 1376 falsum
946 1331 1276 1393 pronuntiarem
1316 1332 1562 1395 capitulum
1596 1334 1682 1379 hoc
1701 1371 1711 1387 ‚

329 1417 405 1452 aut
431 1403 687 1451 mendacem
711 1403 876 1448 Jesum.
919 1401 1003 1446 Sed
1039 1401 1085 1447 id
1106 1401 1283 1465 quidem
1320 1402 1507 1449 alienum
1547 1404 1718 1468 pietatis

331 1487 442 1531 erat,
469 1476 611 1521 Deum
631 1473 872 1519 existimare
894 1472 1140 1518 mentitum.
1168 1473 1347 1518 Rectius
1364 1490 1464 1534 ergo
1481 1475 1619 1521 visum
1637 1484 1716 1530 est,

337 1546 632 1611 scriptoribus
665 1544 880 1591 ascribere
905 1543 1152 1600 falsitatem,
1181 1561 1315 1608 quam
1337 1546 1529 1591 veritatis
1555 1546 1722 1592 auctori

341 1618 636 1667 mendacium.
663 1611 844 1678 Quippe
869 1632 971 1661 cum
1003 1627 1045 1662 et
1077 1616 1222 1679 ipsum
1247 1616 1463 1663 dicentem
1488 1618 1684 1664 audirem
1709 1656 1720 1674 ‚

338 1692 454 1738 fures
466 1689 595 1735 fuisse
619 1698 660 1733 et
685 1686 875 1732 latrones
894 1704 1042 1732 omnes
1060 1687 1134 1750 qui
1153 1698 1363 1733 venerunt
1394 1699 1490 1734 ante
1509 1706 1551 1734 se
1568 1689 1586 1719 1
1608 1707 1618 1734 :
1639 1705 1727 1753 qua

345 1760 554 1809 sententia
594 1759 791 1822 primum
831 1758 1028 1802 omnium
1072 1757 1198 1803 video
1238 1758 1356 1804 feriri
1406 1759 1600 1823 Moysen.
1659 1759 1729 1806 Ad

347 1833 447 1879 haec
471 1868 482 1887 ‚
512 1841 677 1876 etcum
705 1831 970 1887 majestatem
1001 1845 1122 1873 suam
1156 1828 1353 1892 loquenti
1377 1829 1535 1886 eidem,
1570 1830 1650 1876 ubi
1689 1847 1731 1876 se

347 1902 504 1952 mundi
533 1902 682 1948 lumen
710 1899 918 1964 appellat,
947 1899 1090 1945 Judaei
1119 1899 1391 1959 indignantes
1414 1901 1729 1948 reclamarent:

348 1997 369 2019 «
392 1975 508 2033 Quia
545 1985 594 2019 tu
619 1972 673 2018 de
694 1982 733 2017 te
755 1970 995 2017 testificaris
1013 2008 1024 2027 ‚
1069 1971 1365 2017 testimonium
1402 1983 1528 2019 tuum
1559 1990 1647 2019 non
1672 1983 1735 2019 est

350 2070 372 2090 n
391 2063 545 2094 verum
559 2051 576 2074 ²
595 2063 605 2089 :
631 2066 650 2086 ›>
667 2061 756 2089 non
775 2060 874 2089 eum
895 2042 1022 2089 video
1046 2055 1350 2107 prosecutum,
1369 2045 1447 2090 ubi
1466 2046 1648 2092 maxime
1673 2045 1737 2091 lo-

359 2135 436 2166 cus
459 2116 654 2176 exigebat
670 2152 680 2171 ,
710 2125 758 2160 ut
781 2114 945 2161 diceret
970 2114 1023 2160 de
1045 2132 1087 2161 se
1118 2115 1400 2178 prophetasse
1428 2117 1637 2180 Moysen3
1664 2115 1738 2162 sed

358 2202 565 2253 tanquam
600 2204 745 2233 revera
768 2186 929 2232 alienus
955 2197 997 2231 et
1027 2186 1200 2232 nullum
1220 2187 1385 2232 habens
1410 2204 1456 2232 ex
1478 2205 1626 2233 eorum
1657 2205 1741 2251 pa-

359 2261 501 2307 tribus
535 2258 850 2311 testimonium,
876 2257 1125 2321 respondit:
1160 2278 1180 2298 «
1203 2258 1368 2321 'Nempe
1392 2258 1437 2302 in
1466 2260 1576 2318 Lege
1602 2270 1741 2305 vestra

361 2355 383 2376 2>
411 2333 623 2396 scriptum
647 2341 709 2375 est
724 2367 734 2378 .
763 2330 866 2394 quia
888 2329 1077 2376 duorum
1098 2329 1331 2375 hominum
1360 2330 1654 2376 testimonium
1675 2348 1744 2377 ve-

363 2428 384 2448 »
408 2422 507 2451 rum
530 2413 593 2449 est
607 2401 639 2449 3.
666 2403 757 2461 Ego
777 2418 872 2446 sum
898 2402 975 2466 qui
1006 2402 1213 2447 testificor
1232 2400 1286 2447 de
1313 2419 1406 2455 me;
1426 2412 1468 2447 et
1493 2402 1747 2448 testificatur

364 2477 455 2523 »de
472 2493 540 2522 me
559 2474 636 2540 qui
666 2490 734 2519 me
761 2473 877 2519 misit
902 2475 1032 2520 Pater
1049 2473 1083 2520 Δ.
1107 2494 1127 2514 >>
1154 2472 1271 2519 Illud
1295 2473 1354 2519 eis
1373 2490 1716 2519 commemorans
1732 2512 1743 2531 ‚

362 2547 485 2612 quod
505 2546 559 2592 de
579 2544 695 2592 coelo
723 2543 893 2590 dictum
914 2562 1062 2591 omnes
1084 2544 1311 2591 audierant
1330 2562 1341 2590 :
1373 2566 1393 2586 «
1418 2545 1503 2592 Hic
1526 2556 1588 2592 est
1617 2545 1750 2592 Filius

403 2632 524 2663 ¹Joan.
543 2641 574 2665 x.
592 2630 624 2662 8.
641 2646 687 2652 ·-
703 2627 718 2650 2
734 2628 780 2661 Id.
798 2639 872 2667 vin,
895 2630 947 2662 13.
963 2625 1036 2653 -3
1051 2632 1146 2662 Dent.
1162 2641 1247 2669 xvu,
1262 2631 1295 2662 6.
1315 2648 1356 2655 —-
1378 2627 1392 2650 ⁴
1411 2631 1509 2663 Joan.
1528 2641 1602 2668 vin,
1623 2630 1674 2661 18.
