1795 3253
304 269 479 302 CONTRA
513 272 755 304 Enisa-omn
789 271 1043 307 marcuini,
1082 273 1169 304 tin.
1213 274 1242 304 1.
1385 255 1476 303 215

108 338 467 403 plenitudinezac
496 351 725 404 propterea
757 339 946 386 tenebrae
977 340 1089 385 nihil
1118 341 1287 400 gignere
1318 350 1477 404 potue-

106 422 228 468 runt,
261 410 461 475 quamvis
490 422 601 457 terra
635 410 827 474 potuerit
861 411 1101 467 tenebrosa,
1137 412 1182 457 id
1214 421 1291 465 est,
1327 425 1476 456 carens

106 481 220 539 1000,
250 482 415 545 aliquid
438 483 622 543 gignere.
656 482 738 528 Sed
755 482 928 527 interim
944 481 1031 527 hoc
1051 483 1329 527 omittamus:
1348 482 1479 527 foetus

106 563 250 600 tamen
273 554 351 599 ubi
374 555 640 610 exoriuntur,
667 564 708 599 et
731 564 1121 616 temperamentum
1146 563 1206 598 est
1232 563 1383 616 aptum
1407 571 1477 598 sa-

102 623 202 682 luti,
234 635 276 671 et
299 625 501 689 quaedam
536 625 770 671 concordia
800 640 1026 669 numerosa
1062 624 1232 670 ordinat
1272 634 1400 688 atque
1434 624 1479 669 in

103 697 314 742 unitatem
344 697 588 743 coaedificat
613 697 808 743 membra
832 696 1127 753 nascentium,
1160 696 1335 741 sibimet
1363 695 1480 741 invi-

103 783 195 812 cem
217 766 523 813 moderationis
542 784 650 830 pace
666 767 960 828 congruentia.
989 767 1098 823 Quae
1113 767 1256 812 omnia
1275 768 1372 830 quis
1391 784 1479 811 non

97 837 310 898 intelligat
328 837 484 898 maJ'ori
506 838 652 895 laude,
676 855 805 902 quam
827 838 1024 883 tenebras
1045 837 1361 900 vituperatione
1385 836 1478 896 dig-

99 908 272 954 nanda?
299 908 510 972 Vitupero
527 909 589 955 ibi
612 920 756 955 tecum
780 925 956 954 coenum
981 908 1205 953 turbidum
1231 924 1440 971 aquarum
1462 926 1473 952 :

96 979 229 1026 lauda
250 980 316 1026 ibi
332 997 504 1041 mecum
533 991 575 1026 et
601 982 739 1044 ipsam
761 980 946 1043 speciem
976 978 1316 1043 qualitatemque
1338 994 1477 1041 aqua-

96 1067 214 1107 rum,
249 1060 291 1096 et
319 1050 634 1097 inabitatorum
664 1051 907 1097 natantium
942 1050 1139 1095 membra
1173 1049 1471 1109 congruentia,

94 1120 228 1167 vitam
251 1138 411 1186 corpus
435 1123 725 1168 continentem
751 1133 793 1168 et
816 1133 1048 1182 regentem,
1082 1132 1122 1166 et
1156 1138 1282 1166 omne
1306 1131 1476 1184 tempe-

93 1203 336 1239 ramentum
359 1193 426 1239 sui
452 1194 615 1253 generis
631 1193 871 1240 valetudini
892 1192 1289 1239 acconnnodatum.
1313 1192 1473 1248 Quan-

92 1264 252 1310 tumvis
272 1265 387 1310 enim
411 1282 543 1328 aquas
570 1282 763 1312 coenosas
788 1264 1071 1328 turbidasque
1093 1262 1402 1327 reprehendas,
1424 1280 1475 1308 eo

91 1344 236 1380 tamen
259 1335 379 1399 quod
405 1336 509 1382 tales
540 1353 672 1400 aquas
701 1336 809 1382 dicis
825 1374 836 1392 ‚
863 1347 911 1381 ut
943 1335 1177 1381 animantia
1201 1351 1275 1380 sua
1298 1344 1475 1397 possent

90 1415 133 1452 et
151 1406 322 1467 gignere
347 1418 389 1453 et
412 1408 650 1465 continere,
672 1409 859 1472 speciem
884 1407 998 1453 illius
1023 1407 1354 1470 qualiscumque
1379 1423 1474 1451 cor-

89 1477 209 1540 poris
231 1488 274 1523 et
293 1480 490 1541 partium
511 1479 859 1534 similitudinem,
887 1496 972 1542 qua
997 1480 1042 1524 111
1067 1495 1198 1524 unam
1224 1476 1472 1522 formantur

87 1559 388 1613 pacanturque
400 1550 673 1613 qualitatem,
692 1550 858 1596 auferre
878 1568 965 1595 non
984 1560 1107 1612 potes
1123 1570 1133 1603 3
1151 1549 1251 1612 quia
1269 1548 1301 1593 si
1323 1548 1471 1592 abstu-

86 1617 201 1676 10115,
229 1619 399 1666 nullum
423 1621 502 1667 erit
525 1638 684 1685 corpus
700 1640 709 1666 :
724 1639 823 1685 quae
847 1621 1010 1674 omnia,
1039 1621 1072 1665 si
1094 1638 1135 1665 es
1158 1620 1312 1666 homo.
1340 1620 1471 1664 sentis

94 1706 181 1735 esse
206 1690 445 1738 laudanda.
489 1692 546 1736 Et
582 1692 863 1754 quantumvis
903 1691 1079 1736 illorum
1116 1690 1469 1735 inhabitatorum

84 1761 320 1818 saevitiam‚
347 1773 390 1807 et
413 1763 526 1808 inter
556 1763 742 1826 impetus
772 1762 1102 1807 dilacerationes
1133 1771 1175 1806 et
1208 1760 1468 1805 vastationes

84 1846 328 1891 exaggeres,
360 1849 449 1878 non
480 1832 538 1878 eis
570 1843 715 1877 tamen
753 1832 905 1878 adimis
943 1848 1191 1876 numerosos
1223 1829 1465 1875 formarum

83 1902 306 1959 terminos,
330 1903 491 1967 quibus
510 1903 594 1948 sibi
611 1903 780 1962 singula
794 1918 941 1947 eorum
961 1919 1147 1964 corpora
1166 1901 1466 1946 membrorum

82 1972 302 2036 parilitate
339 1984 497 2037 pacata
532 1983 658 2028 sunt,
704 1983 745 2018 et
778 1983 1167 2035 temperamentum
1207 1971 1382 2026 salutis,
1424 1981 1466 2015 et

81 2043 360 2089 moderamen
387 2044 544 2089 animae
567 2055 710 2107 partes
737 2044 802 2090 sui
826 2044 1021 2107 corporis
1051 2044 1096 2088 in
1121 2043 1331 2088 unitatem
1360 2042 1465 2087 ami-

82 2114 197 2160 citiae
220 2113 556 2177 concordiaeque
579 2114 809 2175 redigentis
830 2131 841 2159 t
860 2131 958 2177 quae
979 2114 1010 2159 si
1031 2114 1224 2159 humano
1251 2130 1375 2158 sensu
1398 2112 1464 2158 in-

82 2185 239 2243 tueris,
266 2185 385 2233 vides
415 2186 515 2250 plus
540 2203 624 2232 esse
654 2186 873 2233 laudanda
902 2203 1034 2250 quam
1068 2186 1142 2231 illa
1174 2184 1463 2248 vituperanda

79 2264 181 2322 quae
200 2257 446 2322 displicent.
474 2258 685 2321 Vitupero
708 2259 771 2304 ibi
793 2269 934 2304 tecum
955 2258 1181 2303 horrorem
1199 2267 1456 2303 ventorum:

78 2328 211 2375 lauda
227 2329 290 2375 ibi
315 2346 483 2375 mecum
511 2329 765 2375 eorumdem
790 2339 1015 2375 ventorum
1042 2328 1290 2392 spirabilem
1321 2327 1460 2373 nutri-

79 2417 260 2464 cemque
282 2410 502 2457 naturam,
530 2410 572 2445 et
592 2400 779 2463 speciem
807 2400 1001 2463 corporis
1028 2399 1328 2445 convenientia
1347 2415 1457 2461 par-

79 2472 186 2517 tium
205 2471 445 2517 continuati
466 2481 593 2535 atque
613 2471 782 2517 diffusi:
799 2471 960 2535 quibus
983 2471 1113 2516 rebus
1133 2469 1337 2515 omnibus
1359 2468 1456 2515 illos

76 2541 394 2589 inhabitatores
421 2559 518 2588 suos
535 2553 739 2606 poterant
762 2553 803 2588 et
825 2543 1014 2603 gignere,
1042 2553 1083 2587 et
1110 2541 1237 2597 alere,
1268 2550 1310 2586 et
1332 2539 1454 2598 salu-

76 2612 213 2660 briter
230 2613 477 2668 0011111101·ος-
502 2630 738 2677 eorumque
760 2614 1105 2661 inhabitatorum
1125 2650 1135 2670 ,
1164 2629 1263 2660 cum
1294 2616 1454 2660 caetera
