1795 3253
333 362 387 393 DE
425 361 656 392 UTILiTATF.
693 359 935 400 CREDENDI,
976 361 1064 391 Lm.
1107 362 1137 392 Ι.
1380 360 1436 406 27

61 429 292 496 pellamus,
319 428 560 493 praesertim
587 426 791 473 addentes
817 425 922 489 quid
944 425 1114 472 studeat
1132 426 1295 474 audire.
1326 427 1434 472 Nam

60 502 185 548 etiam
208 517 383 546 suorum
403 499 642 545 studiosum
663 514 893 561 possumus
919 496 1137 560 appellare
1152 534 1162 552 ,
1179 498 1209 543 si
1231 515 1328 544 suos
1346 509 1438 543 tan-

58 582 149 618 tum
171 571 340 631 diligit:
365 587 451 616 non
475 581 615 615 tamen
637 569 914 629 adjunctione
932 567 1065 617 nulla,
1095 570 1319 614 communi
1347 587 1429 614 no·-

57 642 170 688 mine
216 641 507 686 studiosorum
550 639 730 699 dignum
770 649 990 702 putamus.
1037 638 1255 684 Audiendi
1291 650 1433 685 autem

55 711 267 775 cupidum
283 709 653 775 quemadmodum
674 727 715 754 se
732 709 795 754 sui
811 709 1038 764 haberent,
1060 726 1147 754 non
1172 708 1436 772 appellarem

53 782 292 829 studiosum
322 781 551 835 audiendi,
592 780 672 825 nisi
715 779 904 839 gaudens
942 778 1057 825 fama
1092 779 1207 826 bona
1243 779 1434 843 idipsum

54 869 166 916 saepe
185 851 310 897 vellet
328 850 501 897 audire:
527 850 768 895 studentem
785 866 884 894 vero
900 886 910 904 ‚
933 849 1062 894 etiam
1085 849 1119 894 si
1138 850 1279 896 semel.
1305 850 1433 895 Refer

57 939 170 968 nunc
193 922 385 968 animum
406 921 460 967 ad
500 921 718 967 curiosum
736 958 746 975 ,
767 930 809 965 et
833 919 906 965 dic
933 920 1039 965 milii
1058 957 1068 974 ‚
1108 931 1255 966 utrum
1276 920 1309 965 si
1332 921 1429 984 quis

53 993 254 1040 fabellam
270 991 455 1038 libenter
467 991 651 1047 audiret,
668 991 776 1036 niliil
791 990 872 1036 sibi
889 991 1065 1036 omnino
1079 990 1371 1054 profuturam,
1391 990 1435 1036 id

55 1073 141 1118 est,
161 1080 305 1109 rerum
343 1062 398 1108 ad
424 1080 466 1108 se
490 1079 578 1107 non
603 1061 912 1126 pertinentium
932 1080 942 1114 3
965 1078 1102 1124 neque
1125 1060 1169 1106 id
1195 1060 1338 1106 odiose
1363 1070 1433 1105 at-

54 1150 139 1198 que
157 1134 329 1187 crebro,
345 1133 417 1179 sed
437 1133 648 1178 rarissime
668 1149 715 1177 ae
735 1131 1059 1186 modestissime,
1077 1130 1143 1176 vel
1162 1131 1205 1176 in
1216 1131 1434 1185 convivio,

53 1203 120 1249 vel
152 1204 197 1250 in
224 1203 368 1268 aliquo
399 1203 588 1258 circulo,
622 1203 763 1248 ullove
787 1219 1005 1257 consessu,
1030 1201 1329 1248 videretur-ne
1356 1202 1436 1247 libi

54 1276 272 1322 curiosus?
295 1275 389 1321 Non
416 1275 599 1338 opinor:
628 1273 701 1319 sed
720 1284 832 1319 certe
851 1274 1013 1319 liabens
1032 1273 1147 1319 illius
1166 1273 1228 1319 rei
1255 1291 1404 1319 curam
1421 1310 1431 1329 ,

54 1362 182 1408 quam
208 1345 394 1391 libenter
421 1345 620 1398 audiret,
657 1345 852 1409 profecto
889 1345 1119 1391 videretur.
1157 1347 1437 1408 Quapropter

53 1416 177 1461 etiam
203 1417 361 1462 curiosi
379 1415 573 1461 definitio
597 1433 644 1461 ea
662 1415 827 1475 regula,
845 1433 930 1479 qua
951 1415 1436 1470 studiosi‚emendanda

52 1486 388 1547 est.Yi(leigitu1‘
403 1497 548 1532 utrum
569 1497 611 1531 et
629 1486 701 1532 illa
720 1488 940 1550 superiora
952 1485 1221 1531 emendanda
1237 1486 1437 1532 sint.(1ur

52 1558 164 1603 enim
186 1574 272 1603 non
295 1568 337 1603 et
353 1557 578 1620 suspiciosi
597 1558 769 1602 nomine
795 1557 998 1617 indignus
1023 1557 1093 1609 sit,
1110 1558 1184 1621 qui
1200 1556 1436 1620 aliquando

53 1627 217 1692 aliquid
236 1628 509 1692 suspicatum
530 1627 767 1684 etereduli‚
790 1629 864 1692 qui
892 1628 1126 1692 aliquando
1151 1627 1316 1692 aliquid
1337 1645 1436 1673 cre-

53 1698 146 1744 dit?
169 1699 320 1762 ltaque
337 1709 384 1744 ut
404 1700 515 1744 inter
534 1698 777 1744 studentem
800 1699 981 1760 alicujus
998 1699 1058 1744 rei
1087 1709 1128 1745 et
1154 1698 1331 1744 omnino
1350 1709 1436 1744 stu-

52 1767 238 1825 diosum,
264 1785 523 1833 rursumque
549 1769 660 1815 inter
680 1787 830 1815 curam
868 1770 1104 1816 habentem
1133 1780 1262 1834 atque
1296 1770 1437 1815 eurio-

52 1855 144 1885 sum
159 1876 172 1897 ,
195 1840 254 1885 ita
271 1839 383 1886 inter
405 1839 653 1886 credentem
672 1851 714 1886 et
733 1840 961 1887 credulum
981 1840 1221 1905 plurimum
1243 1841 1429 1888 interest.

114 1909 284 1956 XXIII.
322 1909 407 1956 Sed
429 1926 549 1956 nune
585 1910 705 1967 vide,
747 1911 930 1976 inquies,
982 1921 1127 1957 utrum
1155 1912 1198 1957 in
1232 1911 1436 1972 religione

49 1979 227 2025 credere
249 1979 498 2028 debeamus,
527 1981 677 2045 Neque
709 1983 825 2028 enim
849 1983 882 2028 si
904 1982 1183 2028 concedimus
1209 1983 1329 2029 aliud
1349 2000 1435 2028 esse

52 2049 250 2104 credere,
274 2050 394 2097 aliud
417 2051 647 2098 credulum
673 2069 777 2107 esse‚
801 2054 995 2116 sequitur
1012 2063 1059 2098 ut
1080 2053 1199 2098 nulla
1223 2054 1355 2117 culpa
1382 2054 1436 2098 sit

51 2119 97 2165 in
121 2119 403 2180 religionibus
419 2121 607 2169 credere.
630 2122 748 2179 Quid
768 2124 883 2169 enim
904 2125 937 2169 si
956 2134 999 2169 et
1017 2123 1190 2170 eredere
1220 2134 1262 2168 et
1283 2124 1437 2169 credu-

50 2189 142 2236 lum
170 2207 257 2236 esse
274 2191 475 2238 vitiosum
497 2203 580 2248 est,
595 2194 968 2258 quemadmodum
987 2205 1029 2241 et
1041 2195 1211 2241 ebrium
1225 2205 1266 2240 et
1285 2196 1434 2243 cerio-

51 2277 143 2306 sum
157 2264 269 2307 esse?
289 2260 419 2318 Quod
435 2263 689 2326 quieertum
705 2265 935 2321 existimat,
953 2265 1128 2311 nullum
1147 2265 1255 2311 mihi
1271 2266 1434 2312 habere

52 2345 176 2394 posse
194 2331 385 2377 amicum
400 2333 585 2379 videtur.
615 2334 660 2380 Si
675 2335 789 2381 enim
814 2347 942 2399 turpe
965 2346 1025 2381 est
1045 2335 1212 2399 aliquid
1238 2336 1429 2392 credere,

58 2411 131 2446 aut
149 2401 336 2465 turpiter
353 2401 459 2449 facit
480 2405 557 2467 qui
591 2404 731 2452 amieo
767 2406 929 2463 eredit,
957 2417 1031 2452 aut
1049 2407 1161 2452 niliil
1180 2407 1319 2452 amico
1341 2424 1434 2453 cre-

53 2469 158 2517 dens
182 2472 404 2535 quomodo
423 2475 611 2521 amicum
635 2475 702 2522 vel
720 2476 862 2540 ipsum
884 2477 950 2523 vel
976 2494 1018 2523 se
1041 2476 1231 2541 appellet
1260 2494 1348 2522 non
1363 2477 1434 2523 vi-

54 2539 150 2588 deo.
195 2542 279 2588 Hie
304 2542 481 2591 fortasse
506 2544 642 2594 dicas„
668 2547 872 2593 Concedo
893 2547 1059 2611 aliquid
1092 2546 1329 2612 aliquando
1347 2565 1435 2594 esse

54 2611 338 2681 credendum,
363 2631 480 2662 nunc
500 2615 651 2680 expedi
672 2618 896 2681 quomodo
910 2619 955 2665 in
973 2618 1178 2679 religione
1204 2628 1331 2682 turpe
1349 2636 1438 2665 non

55 2681 108 2728 sit
126 2683 326 2741 eredere,
349 2697 583 2750 antequam
605 2687 724 2736 seire.
757 2689 949 2747 Faciam,
972 2690 1004 2736 si
1018 2698 1186 2754 potero.
1219 2680 1439 2746 Quocirca
