1795 3253
23 349 26 391 f

21 408 24 428 1

85 350 182 460 Sss
236 350 573 460 AUR.
642 338 1452 458 AUGUSTINI

453 583 810 625 HIPPONENSIS
846 582 932 622 ΕΡΙ
939 583 1086 624 SCOPI

250 736 642 806 CONTRA
694 735 1290 804 ADIMANTUM

405 895 717 942 MANICHAEI
754 896 1125 943 DISCIPULUM

599 1053 730 1083 LIBER
769 1035 934 1084 UNUsl.

80 1208 386 1237 CONCILIANTUR
415 1208 540 1236 INTER
574 1209 618 1236 SE
643 1208 958 1236 SCRIPTURARUM
988 1209 1251 1241 SENTENTlAE,
1279 1208 1383 1240 QUAS
1406 1209 1457 1234 DE

138 1273 415 1300 TESTAMENTO
448 1274 608 1300 VETERE
642 1274 691 1302 Ac
729 1274 861 1308 Novo,
893 1274 1029 1301 VELUT
1064 1274 1234 1300 INVICEM
1267 1273 1457 1301 CONTRA—

137 1339 226 1364 BIAS
245 1337 495 1371 ADIMANTUS,
511 1338 732 1371 UTRUMQUE
752 1339 1061 1366 TESTAMENTUM
1079 1339 1129 1365 AB
1146 1339 1226 1365 UNO
1244 1339 1297 1366 ET
1319 1338 1454 1367 EODEM

134 1402 215 1429 nEo
239 1402 334 1430 ESSE
359 1402 440 1430 NON
467 1401 585 1430 POSSE
620 1403 890 1432 CONTENDENS
907 1421 918 1437 ,
946 1403 1229 1431 GORRASERAT.

75 1547 445 1560 moeumunwsssz
453 1548 1451 1561 wsmummmmmmmmuwzmuuxwwsxm

654 1666 835 1710 CAPUT
868 1667 899 1709 Ι.

139 1782 207 1830 DE
230 1798 280 1828 eo
306 1780 429 1845 ,quod
451 1780 664 1845 scriptum
685 1791 785 1827 est:
821 1802 842 1836 (ς
859 1780 913 1826 In
939 1779 1159 1843 principio
1191 1778 1294 1825 feeit
1336 1780 1452 1826 Deus

73 1873 95 1895 >2
118 1853 281 1912 coelum
290 1862 330 1898 et
339 1862 498 1905 terram
522 1869 533 1896 :
551 1868 717 1915 »usque
735 1850 791 1897 ad
818 1850 863 1896 id
881 1850 1002 1914 quod
1020 1850 1232 1912 seriptum
1247 1860 1332 1895 est:
1356 1871 1377 1897 «
1397 1852 1454 1895 Et

72 1945 94 1966 >³
112 1922 353 1971 factumest
368 1938 542 1985 vespere
553 1932 595 1971 et
612 1921 776 1968 factum
798 1932 859 1966 est
878 1938 1004 1966 mane
1023 1920 1113 1969 dies
1138 1937 1249 1966 unus
1275 1938 1286 1965 ε
1310 1941 1330 1962 »
1354 1922 1452 1966 Hoc

72 1992 316 2056 capitulum
334 1992 459 2052 Legis
475 1992 706 2045 adversum
730 2009 816 2037 esse
834 1991 1070 2050 Evangelio
1095 1990 1335 2042 stultissimi
1354 1992 1453 2038 Ma-

71 2063 241 2114 nichaei
257 2062 550 2118 arbitrantur,
579 2062 772 2108 dicentes
796 2062 842 2107 in
888 2061 1044 2106 Genesi
1081 2061 1297 2123 scriptum
1338 2078 1451 2118 esse,

70 2133 191 2198 quod
209 2133 325 2184 Deus
346 2149 424 2195 per
448 2134 655 2196 seipsum
688 2131 839 2178 fecerit
868 2131 1032 2177 coelum
1058 2142 1101 2176 et
1131 2142 1290 2176 terram
1321 2142 1362 2177 et
1388 2132 1454 2178 lu-

72 2220 194 2262 cem:
221 2203 267 2258 in
291 2202 543 2263 Evangelio
563 2213 719 2251 autem
736 2202 950 2265 scriptum
985 2218 1070 2247 esse
1111 2218 1190 2264 per
1214 2201 1478 2258 Dominum-

70 2284 269 2322 nostrum
289 2273 437 2319 Jesum
463 2273 690 2324 Christum
712 2273 979 2321 fabricatum
996 2289 1082 2318 esse
1105 2271 1321 2318 mundum
1335 2309 1346 2328 ,
1376 2273 1456 2318 ubi

72 2343 241 2401 dictum
263 2353 324 2393 est
346 2360 357 2388 :
384 2365 405 2385 ‹<
423 2344 480 2389 Et
496 2344 691 2394 mundus,
705 2362 784 2408 per
808 2344 958 2408 ipsum
973 2342 1113 2390 factus
1137 2354 1216 2399 est,
1251 2354 1292 2388 et
1327 2360 1454 2388 mun-

73 2434 94 2455 »
124 2413 206 2471 glus
226 2413 350 2466 illum
366 2430 482 2469 noni
498 2415 759 2474 cognovit-⁶2„
779 2433 801 2456 »
838 2414 1001 2460 Tribus
1023 2415 1137 2462 enim
1161 2413 1303 2459 modis
1327 2413 1456 2458 refel-

70 2483 235 2531 luntur.
255 2484 403 2530 Primo
415 2485 518 2548 quia
540 2502 640 2531 cum
661 2484 822 2531 dicitur
842 2503 891 2536 ;,«
916 2486 969 2534 In
979 2483 1200 2548 principio
1218 2483 1319 2530 fecit
1336 2484 1451 2529 Deus

118 2573 130 2595 ¹
159 2572 302 2617 Scriptus
327 2573 454 2609 circiter
482 2584 601 2608 annum
633 2575 775 2615 394.-
803 2573 889 2607 Vide
919 2576 1062 2608 Rem-act.
1086 2572 1144 2606 lib.
1173 2584 1207 2617 1,
1236 2583 1306 2617 cap.
1333 2583 1451 2606 22.—

71 2625 88 2651 2
104 2629 201 2662 Joan.
220 2638 247 2667 1,
265 2638 318 2661 10.
