1795 3253
335 310 392 369 7ss
751 324 783 353 5.
830 323 1073 354 incensum
1110 321 1313 354 nriscom

328 390 505 452 quidem
530 386 674 433 verbis
694 388 856 451 quibus
876 406 992 435 nunc
1018 407 1118 436 usus
1143 407 1238 435 511111
1264 406 1274 433 :
1303 405 1402 434 nam
1422 398 1463 434 et
1482 405 1557 433 vos
1580 387 1710 433 inter·
1765 414 1792 423 =-

330 459 468 518 rogati
491 457 759 503 confitemini
786 461 924 505 Deum
945 477 1030 505 esse
1055 459 1436 523 incorruptibilem
1464 468 1507 504 et
1530 457 1709 503 omnino

333 528 626 574 inviolabilem
668 539 710 573 et
748 528 1196 593 incoinquinabilem;
1236 530 1308 574 sed
1347 546 1447 574 cum
1488 528 1712 592 coeperitis
1770 550 1771 554 ¹

334 610 488 644 ca³tera
509 616 718 661 exponere
735 636 745 654 ‚
769 600 973 659 cogimini
994 618 1090 646 eum
1119 599 1451 663 corruptibilem
1466 635 1476 654 ,
1507 608 1713 662 penetra-

335 669 493 717 bilem.
531 680 572 713 et
599 670 969 732 coinquinabilem
1003 670 1213 734 profiteri.
1255 669 1409 715 Dicitis
1438 669 1553 714 enim
1588 668 1715 714 aliam

336 742 478 786 nescio
503 757 633 803 quam
665 751 833 799 gentem
862 742 1137 787 tenebrarum
1178 740 1379 785 adversus
1421 739 1501 785 Dei
1535 755 1716 798 regnum

337 810 560 855 rebellasse
594 828 604 855 ε
650 811 788 856 Deum
827 822 967 861 autem
1004 812 1372 874 omnipotentem,
1413 827 1515 855 cum
1552 809 1719 855 videret

338 891 501 943 quanta
537 880 655 926 labes
689 892 730 925 et
765 882 939 927 vastitas
961 882 1204 927 immineret
1237 883 1375 941 regnis
1395 882 1504 936 suis,
1531 879 1611 925 nisi
1637 879 1718 925 ali-

339 952 444 1015 quid
479 951 672 998 adversae
706 953 822 1013 genti
852 965 1122 1017 opponeret,
1159 963 1201 998 et
1234 955 1271 999 ei
1295 953 1533 1008 resisteret,
1556 951 1719 997 misisse
1783 947 1784 954 ¹

340 1022 481 1067 hanc¹
508 1022 712 1068 virtutem
730 1060 740 1079 ‚
769 1023 822 1068 de
845 1027 968 1082 cujus
998 1024 1305 1069 commixtione
1326 1040 1428 1068 cum
1450 1021 1563 1068 malo
1589 1032 1631 1067 et
1653 1031 1720 1066 te-

340 1093 575 1138 nebrarum
608 1104 732 1153 gente
764 1093 953 1139 mundus
991 1094 1044 1140 sit
1068 1094 1319 1140 fabricatus.
1350 1093 1466 1138 Hinc
1494 1109 1579 1137 esse
1602 1090 1722 1155 quod

344 1161 418 1207 hic
449 1164 605 1208 animae
635 1164 765 1209 bonan
793 1163 1022 1220 laborant,
1060 1166 1277 1219 serviunt,
1317 1173 1483 1219 errant,
1520 1179 1723 1208 corrum-

343 1244 512 1296 puntur
536 1252 546 1279 :
575 1245 623 1280 ut
655 1235 938 1280 necessarium
973 1236 1186 1281 haberent
1215 1235 1491 1280 liberatorem
1510 1271 1521 1290 ,
1557 1234 1633 1296 qui
1656 1249 1724 1278 eas

347 1304 402 1348 ab
430 1321 571 1349 errore
596 1316 824 1367 purgaret,
853 1316 894 1350 et
912 1324 934 1351 a
959 1306 1265 1352 commixtione
1294 1304 1504 1360 solveret,
1531 1314 1573 1349 et
1589 1322 1611 1349 a
1634 1297 1726 1348 ser-'-

346 1375 482 1420 vitute
515 1375 730 1422 liberaret.
780 1380 876 1421 lloc
913 1393 990 1436 ego
1031 1376 1147 1422 nefas
1183 1386 1295 1440 puto
1337 1375 1538 1430 credere,
1582 1374 1726 1419 Deum

345 1445 687 1507 omnipotentem
719 1446 909 1510 aliquam
949 1446 1171 1492 adversam
1204 1457 1373 1507 gentem
1407 1445 1625 1501 timuisse,
1653 1453 1728 1490 aut

345 1517 636 1561 necessitatem
653 1534 738 1561 esse
758 1534 948 1580 passum,
970 1528 1018 1562 ut
1031 1535 1108 1562 nos
1122 1519 1165 1562 in
1183 1534 1399 1563 aerunmas
1410 1515 1721 1580 praecipitaret.

416 1587 713 1631 For-Tmarus
737 1586 844 1632 dixit
871 1605 880 1631 :
908 1608 928 1627 «
955 1588 1070 1643 Quia
1097 1597 1137 1632 te
1160 1587 1352 1632 medium
1383 1586 1509 1631 fuisse
1532 1595 1728 1631 nostrum

350 1657 464 1710 scio,
501 1654 546 1701 id
570 1667 656 1711 est,
694 1656 806 1701 inter
838 1657 1107 1702 Manichzeos
1135 1656 1480 1712 administrasse,
1517 1655 1596 1700 ista
1630 1665 1732 1700 sunt

349 1725 612 1788 principalia
635 1726 735 1771 fidei
755 1736 928 1773 nostrae.
956 1727 1018 1771 De
1037 1727 1362 1772 conversatione
1385 1725 1461 1771 hic
1485 1725 1652 1785 agitur,
1676 1724 1730 1770 de

349 1796 510 1859 quibus
534 1795 649 1842 falsis
673 1797 932 1842 criminibus
954 1797 1197 1861 pulsamur.
1227 1799 1288 1842 Ex
1314 1807 1354 1842 te
1373 1813 1472 1856 ergo
1498 1807 1731 1859 praesentes

351 1865 529 1911 audiant
548 1866 655 1912 boni
677 1867 785 1923 viri,
815 1877 962 1913 utrum
986 1868 1073 1913 sint
1100 1885 1201 1913 vera
1231 1884 1362 1930 super
1385 1866 1550 1930 quibus
1577 1866 1732 1912 crimi-

349 1954 504 1983 namur
526 1948 567 1983 et
588 1938 863 2002 appetimur,
892 1956 944 1984 an
979 1940 1064 1984 sint
1086 1938 1206 1984 falsa.
1240 1938 1412 1984 Etenim
1442 1955 1490 1982 ex
1515 1947 1592 1983 tua
1616 1937 1731 1984 doc-

349 2008 484 2064 trina,
508 2018 549 2053 et
575 2025 622 2054 ex
644 2019 717 2054 tua
743 2008 1004 2072 expositione
1029 2018 1071 2054 et
1094 2008 1333 2055 ostensione
1362 2018 1571 2072 poterunt
1591 2007 1734 2053 verius

351 2078 460 2124 scire
479 2090 671 2125 nostram
690 2079 1059 2126 conversationem
1075 2117 1085 2136 ‚
1114 2080 1145 2126 si
1166 2097 1188 2125 a
1215 2090 1255 2126 te
1283 2079 1414 2125 fuerit
1438 2077 1628 2143 prodita.
1654 2079 1734 2125 ln-

346 2149 529 2196 terfuisti
547 2150 748 2197 orationi.
776 2171 796 2193 »

413 2221 472 2267 ΙΙ.
512 2222 625 2267 Auo.
650 2221 756 2266 dixit
780 2239 791 2267 ε
816 2221 1017 2269 Interfui.
1050 2221 1133 2268 Sed
1157 2221 1238 2268 alia
1258 2221 1441 2285 quaestio
1461 2230 1524 2266 cst
1548 2219 1601 2265 de
1620 2217 1730 2275 fide,

351 2290 434 2337 alia
465 2291 517 2337 de
550 2291 780 2338 moribus:
807 2310 884 2353 ego
915 2292 969 2339 de
1000 2292 1085 2339 fide
1114 2292 1340 2357 proposui.
1383 2290 1469 2336 Sed
1504 2289 1536 2336 si
1570 2289 1634 2336 issi
1657 2288 1735 2353 qui

352 2360 536 2418 adsunt,
563 2361 732 2409 malunt
760 2363 907 2410 audire
930 2363 984 2410 de
1010 2364 1204 2410 m'oribus
1222 2401 1234 2421 ,
1257 2379 1337 2409 nec
1362 2361 1487 2408 istam
1520 2359 1735 2424 quaestio-

353 2448 452 2477 nem
477 2431 666 2493 defugiO.

419 2503 553 2550 Fonr.
584 2503 692 2550 dixit
714 2521 725 2550 z
753 2525 774 2546 (ε
795 2506 988 2566 Purgare
1008 2523 1075 2551 me
1096 2505 1216 2569 prius
1233 2503 1333 2551 volo
1358 2519 1490 2567 penes
1513 2501 1736 2548 conscien-

350 2571 455 2618 tiam
479 2583 665 2622 vestram
682 2612 694 2633 ,
722 2591 854 2640 penes
869 2592 1003 2642 quam
1027 2575 1293 2642 polluimur,
1316 2584 1360 2621 et
1379 2572 1526 2621 idonei
1549 2571 1632 2621 viri
1655 2581 1736 2618 tes-

398 2654 409 2678 1
429 2657 524 2688 Forte
540 2656 614 2691 hoc.
