1795 3253
233 345 408 377 CONTRA
443 345 644 377 FAUSTUM
678 344 984 386 MANICHAEUM,
1024 346 1113 376 Lm.
1155 347 1247 378 xvr.
1356 330 1447 387 [143

69 411 191 459 nullo
216 411 297 458 alio
329 410 481 458 dixisse
517 411 693 457 deberet
714 409 897 470 intelligi
939 428 950 455 ε
992 411 1278 457 verumetiam
1314 411 1451 458 sciens

71 483 190 530 dixit.
209 484 315 528 Erat
331 482 443 528 enim
461 481 732 527 fidelissimus
751 480 1024 544 dispensator
1042 481 1293 545 prophetici
1311 500 1450 527 sacra-

70 553 224 609 menti,
245 552 290 598 id
309 563 371 598 est
386 590 396 608 ‚
420 552 534 598 illius
554 550 833 598 sacerdotalis
854 551 1102 597 chrismatis
1116 590 1125 608 ‚
1150 551 1265 597 unde
1284 551 1451 597 Christi

70 642 229 671 nomen
251 623 523 684 agnoscimus
550 641 561 668 t
586 623 630 668 in
654 639 742 686 quo
767 633 1036 667 sacramento
1056 660 1066 678 ,
1094 623 1293 686 quamvis
1317 622 1450 667 homo

70 695 279 759 pessimus
297 732 308 751 ‚
349 696 382 738 C
390 694 544 757 a'iphas
584 693 712 739 etiam
757 692 949 738 nesciens
988 693 1134 756 potuit
1162 693 1443 756 prophetare.

71 765 169 811 Hoc
190 766 356 828 quippe
374 763 418 809 in
437 781 487 809 eo
512 764 598 823 egit
615 762 930 835 propheticum
949 763 1169 819 chrisma,
1192 774 1239 808 ut
1259 762 1449 826 prophe-

71 846 216 882 taret:
239 836 326 881 hoc
354 845 498 880 autem
523 835 612 880 vita
635 834 797 898 impia,
835 844 883 879 ut
921 835 1112 879 nesciens
1143 835 1442 898 prophetaret

73 912 196 970 Quo
185 923 330 976 itaque
344 929 416 957 ore
436 911 601 957 dicitul
618 911 732 957 nihil
748 911 801 956 de
825 912 856 953 (
864 911 1003 956 hristo
1017 911 1299 975 prophetasse
1320 912 1451 957 Μω-

72 1000 164 1039 ses,
204 1001 226 1027 a
253 999 340 1045 quo
370 981 481 1027 illud
520 981 711 1027 chrisma
751 983 920 1045 coepit,
954 981 1070 1027 unde
1105 981 1271 1027 Christi
1300 998 1457 1026 nomen

70 1055 263 1100 innotuit
286 1091 296 1109 ‚
336 1064 377 1099 et
397 1053 513 1098 unde
533 1053 759 1098 Christum
781 1054 910 1098 etiam
935 1063 1186 1117 persecutor
1204 1052 1369 1099 Christi
1384 1051 1451 1097 vel

71 1124 265 1170 nesciens
284 1123 582 1187 prophetavit.

138 1194 300 1240 XXIV.
341 1193 455 1239 Nam
486 1192 539 1238 de
576 1192 811 1238 Maledicto
848 1193 1076 1256 pendentis
1110 1193 1156 1239 in
1188 1193 1304 1252 ligno
1327 1230 1337 1248 ‚
1363 1195 1451 1251 jam

74 1275 286 1328 quantum
308 1265 406 1310 satis
432 1264 571 1309 visum
599 1275 685 1319 est,
711 1281 842 1327 supra
865 1265 1065 1311 diximus.
1098 1263 1456 1309 interficiendum

75 1345 218 1381 autem
239 1352 325 1380 esse
347 1335 611 1398 prophetam
634 1335 720 1381 six-c
748 1336 995 1399 principem
1018 1335 1196 1399 populi,
1239 1335 1315 1398 qui
1342 1334 1454 1380 filios

75 1405 212 1451 Israel
245 1424 266 1451 a
302 1406 392 1451 Deo
418 1423 495 1451 suo
532 1406 661 1452 vellet
696 1417 886 1451 avertere
909 1444 919 1461 ‚
960 1407 1191 1471 aliquodve
1226 1406 1459 1465 infringere

74 1475 384 1521 mandatorum
404 1513 415 1530 ,
449 1493 536 1521 non
559 1476 762 1522 adversus
787 1477 1013 1522 Christum
1042 1477 1299 1541 praecepisse
1325 1477 1455 1538 Moy-

76 1564 148 1592 sen
164 1584 174 1603 ,
202 1557 244 1592 et
268 1564 317 1592 ex
333 1547 403 1592 his
425 1550 631 1610 quaejam
653 1547 792 1593 multa
820 1548 984 1607 egimus
1000 1584 1010 1603 ,
1043 1547 1142 1593 satis
1173 1547 1339 1592 clarum
1363 1556 1424 1591 est
1446 1583 1456 1602 ,

77 1627 118 1663 et
139 1617 274 1678 magis
292 1618 513 1681 magisque
534 1617 825 1663 consideranti
844 1618 960 1664 dicta
979 1628 1019 1663 et.
1036 1617 1149 1664 facta
1171 1617 1349 1662 Domini
1364 1634 1459 1661 nos·

75 1687 132 1732 tri
154 1688 256 1733 Jesu
273 1687 456 1742 Christi,
475 1687 610 1746 magis
628 1688 850 1750 magisque
871 1688 1057 1733 clarebit
1086 1706 1095 1732 :
1117 1688 1222 1751 quia
1244 1705 1323 1732 nec
1343 1705 1363 1732 a
1383 1703 1459 1732 suo

77 1759 170 1803 Deo
205 1757 343 1803 voluit
376 1774 641 1820 quemquam
675 1774 824 1803 eorum
865 1759 1065 1804 Christus
1102 1767 1302 1804 avertere.
1344 1758 1460 1803 Deus

77 1828 275 1892 quippe,
315 1843 447 1891 quem
477 1826 561 1872 illis
594 1830 767 1889 Moyses
810 1827 1084 1887 diligendum
1137 1827 1465 1890 colendumque

77 1902 350 1962 praeceperat
370 1935 380 1953 ‚
404 1897 496 1961 ipse
519 1907 581 1942 est
600 1908 715 1942 certe
741 1899 859 1945 Deus
889 1898 1113 1943 Abraham
1133 1907 1175 1942 et
1192 1899 1308 1943 Deus
1339 1898 1460 1943 Isaac

79 1980 120 2015 et
151 1970 268 2014 Deus
291 1967 483 2021 Jacob1‚
508 1985 638 2032 quem
665 1968 880 2013 Dominus
917 1968 1040 2013 Jesus
1075 1967 1275 2013 Christus
1311 1967 1462 2013 eadem

80 2037 460 2085 commendatione
486 2048 803 2083 commemorat
822 2075 832 2095 ‚
862 2042 1041 2102 ejusque
1072 2038 1327 2084 auctoritate
1349 2037 1462 2083 Sad-

83 2108 340 2155 ducaeorum
377 2107 534 2154 refellit
569 2126 757 2176 errorem
787 2109 1145 2155 resurrectionem
1173 2109 1424 2168 negantium
1449 2146 1460 2165 ‚

81 2180 160 2227 ubi
181 2180 242 2226 ait
263 2198 274 2225 :
295 2181 391 2225 «De
407 2181 719 2226 resurrectione
739 2190 882 2226 autem
903 2191 1176 2227 mortuorum
1197 2198 1285 2225 non
1308 2179 1465 2240 legistis

82 2272 105 2293 2>
130 2250 239 2315 quid
263 2252 379 2297 Deus
399 2250 573 2296 locutus
600 2252 654 2296 sit
685 2251 737 2296 de
761 2251 874 2297 rubo
906 2251 960 2297 ad
989 2253 1167 2315 Moysen
1201 2269 1212 2296 z
1249 2251 1339 2311 Ego
1369 2268 1466 2295 sum

85 2343 107 2365 >2
133 2322 250 2367 Deus
270 2321 496 2367 Abraham
523 2331 565 2367 et
590 2322 705 2367 Deus
728 2323 849 2368 Isaac
872 2332 914 2367 et
933 2323 1049 2368 Deus
1076 2322 1249 2368 Jacob?
1282 2338 1369 2366 non
1400 2331 1461 2366 est

86 2413 107 2435 2>
133 2393 249 2438 Deus
260 2402 532 2438 mortuorum
543 2429 553 2448 ‚
564 2391 637 2437 sed
650 2393 865 2440 vivorum.
877 2393 1040 2439 Omnes
1049 2396 1163 2439 enim
1174 2392 1235 2438 illi
1248 2391 1436 2438 vivunt2.
1448 2413 1468 2434 n

88 2463 352 2526 Opportune
374 2462 520 2526 itaque
543 2462 694 2507 eadem
717 2481 820 2508 voce
835 2481 953 2509 nunc
983 2464 1305 2511 convincuntur
1325 2461 1464 2507 Mani-

90 2532 203 2578 chaei
230 2570 240 2589 ‚
264 2549 352 2596 qua
373 2542 477 2578 tunc
504 2532 693 2579 convicti
711 2544 812 2579 sunt
831 2534 1065 2581 Sadducaei
1098 2553 1108 2579 ε
1140 2551 1240 2580 nam
1267 2543 1307 2578 et
1330 2533 1469 2596 ipsam

88 2604 444 2650 resurrectionem
467 2603 551 2650 alio
574 2604 752 2667 quidem
785 2605 917 2653 modo
932 2643 944 2664 ‚
981 2607 1054 2653 sed
1079 2616 1222 2652 tamen
1243 2604 1369 2651 etiam
1395 2603 1466 2650 isti

139 2688 149 2709 ¹
164 2687 267 2720 Exod.
281 2699 334 2727 111,
354 2689 384 2719 5.
400 2705 443 2713 ·—
462 2686 477 2710 2
493 2687 611 2721 Mauh.
626 2699 710 2729 xxxx,
726 2691 783 2724 31.
