1795 3253
280 307 455 339 CONTRA
493 307 694 337 missust
731 305 1036 345 MANICHAEUM‚
1078 306 1164 334 ΜΒ.
1210 305 1240 335 1.
1375 285 1468 333 235

85 395 106 415 »
123 373 360 419 aedificatio
382 372 507 418 estis*¹
533 390 543 418 ε
567 396 585 414 »
604 383 644 418 et
663 373 705 417 in
724 389 771 416 ea
791 371 995 416 cernebat
1015 381 1265 434 utrumque,
1290 379 1331 414 et
1354 368 1468 414 unde

85 443 308 504 gauderet,
339 455 381 489 et
412 444 527 489 unde
563 453 783 503 satageret.
822 441 1057 487 Gaudebat
1088 459 1133 485 ex
1159 458 1207 486 eo
1239 439 1354 503 quod
1375 444 1467 499 jam

85 514 349 560 aedificatum
377 514 581 567 videbat3
604 512 826 571 satagebat
850 530 896 557 ex
917 529 966 556 eo
989 511 1106 574 quod
1130 528 1264 574 usqne
1291 510 1343 555 ad
1372 508 1464 555 cul-

84 602 184 630 men
207 584 481 648 perfectionis
507 586 652 630 adhuc
676 582 985 629 aedificandum
1013 600 1096 627 esse
1115 582 1338 627 sentiebat.
1368 582 1463 624 lta-

86 672 169 718 que
185 671 264 700 nos
277 672 422 701 revera
441 655 694 700 Catholicos
714 653 908 700 nondum
928 652 1161 716 perfectos,
1179 652 1252 698 sed
1269 650 1463 714 quodam

85 724 237 779 modo,
274 736 322 771 ut
353 725 513 781 dixisti,
549 724 972 778 semi-Christianos,
1007 741 1115 786 quos
1144 723 1302 782 fallatis
1329 731 1370 766 et
1394 737 1464 765 se-

87 795 255 842 ducatis
273 807 413 843 vestra
431 796 727 859 perversitate,
747 794 1034 840 insectamini.
1062 793 1144 841 Sed
1164 793 1197 839 si
1217 792 1294 855 qui
1318 790 1465 839 adhuc

87 868 214 912 etiarn
239 866 341 912 tales
359 878 477 923 sunt,
503 867 537 911 si
559 884 634 912 vos
654 865 1123 929 pseudo-Christianos
1143 881 1227 909 esse
1245 861 1465 909 intellexe-

86 939 174 982 rint
189 974 200 992 ‚
228 938 428 1001 quamvis
455 938 658 1001 captiosis
681 937 972 1000 quaestionum
998 946 1236 981 vestrarum
1260 931 1465 997 proposi-

88 1009 297 1064 tionibus,
326 1020 508 1073 propter
532 1009 577 1055 id
603 1009 724 1073 quod
749 1026 897 1054 eorum
918 1007 1018 1053 fidei
1047 1007 1180 1067 deest,
1209 1003 1466 1068 respondere

87 1096 175 1125 non
202 1080 395 1142 possint3
425 1097 513 1125 non
542 1091 685 1125 tamen
719 1079 984 1157 sequendos,
1012 1078 1084 1135 sed
1115 1075 1368 1123 devitandos
1390 1090 1466 1120 vos

87 1165 173 1194 esse
187 1161 471 1209 cognoscunt.
497 1151 621 1196 Sicut
639 1168 739 1210 ergo
763 1161 900 1195 Vestia
917 1150 1099 1195 intentio
1115 1159 1176 1194 est
1191 1147 1314 1210 semi·
1299 1144 1468 1194 -Chris-

87 1219 227 1265 timos
250 1236 358 1283 quos
386 1220 654 1285 decipiatis
644 1221 890 1285 inquirere,
924 1220 984 1266 sic
1018 1231 1162 1266 nostra
1192 1218 1374 1267 intentio
1405 1225 1468 1265 est

87 1289 272 1352 pseudo·
277 1289 548 1337 Chlistianos
577 1309 652 1337 vos
677 1292 926 1337 ostendere:
947 1301 995 1336 ut
1024 1308 1114 1337 non
1144 1280 1285 1336 solnm
1311 1286 1468 1336 Chris-

90 1360 195 1406 tiani
223 1361 447 1424 peritiores
469 1380 546 1408 xos
569 1362 871 1408 convincendo
894 1361 1102 1425 piodmt,
1128 1360 1200 1407 sed
1224 1371 1266 1407 et
1287 1357 1470 1422 impeli-

91 1430 216 1477 tiores
240 1449 318 1477 vos
338 1433 532 1479 cavendo
560 1435 809 1497 proficiant.
840 1434 930 1479 Cur
955 1444 1097 1479 autem
1119 1446 1358 1495 serpentem
1386 1447 1470 1492 pa-

88 1512 199 1547 trem
229 1513 426 1549 nostrum
462 1504 634 1550 dixisti?
673 1507 742 1551 An
781 1505 938 1551 excidit
979 1504 1061 1549 tibi
1096 1500 1471 1567 quemadmodum

89 1572 259 1618 soleatis
281 1573 532 1637 vituperare
556 1576 698 1621 Deum
724 1576 800 1639 qui
832 1574 1003 1620 homini
1026 1583 1298 1637 praeceptum
1317 1571 1362 1620 in
1387 1587 1470 1634 pa-

88 1642 232 1688 radiso
266 1643 406 1700 dedit,
441 1656 484 1691 et
515 1645 695 1691 laudare
726 1656 967 1709 serpentem
997 1644 1118 1709 quod
1156 1644 1195 1690 ei
1226 1659 1306 1706 pei·
1343 1657 1471 1687 suum

89 1713 320 1758 consilium
337 1715 486 1773 oculos
505 1716 726 1776 aperuitfl?
748 1717 862 1758 Puto
874 1719 1042 1772 justum
1060 1727 1146 1756 esse
1165 1721 1214 1757 ut
1230 1719 1470 1772 serpentem

88 1781 214 1827 illum
247 1782 474 1828 diabolum
506 1801 530 1828 a
560 1783 686 1843 vobis
719 1783 967 1838 laudatum,
1001 1793 1050 1828 tu
1085 1781 1232 1845 potius
1265 1796 1470 1840 agnoscas

88 1862 313 1915 parentem
344 1862 484 1900 tuum.
518 1855 628 1900 Nam
655 1854 726 1899 ille
750 1864 790 1899 te
812 1854 953 1899 filium
977 1853 1107 1899 etiam
1139 1851 1270 1899 modo
1298 1851 1468 1914 vitupe-

91 1932 210 1975 ratus
234 1923 440 1984 agnoscit.

143 2023 153 2045 ¹
173 2035 186 2054 1
204 2027 278 2056 Cor.
294 2036 345 2063 ω,
363 2036 394 2065 9.
409 2043 451 2048 —
466 2023 646 2061 2Gen.1=1‚
667 2035 697 2063 7.
