1795 3253
265 303 443 338 CONTRA
476 303 680 336 FAUSTUM
714 302 1018 347 MANICHAEUM,
1058 309 1145 340 LIB.
1188 311 1249 342 lx.
1357 313 1439 359 ‘291

78 463 437 482 WVMVVVVWWWWMVW
443 466 514 482 WVU
523 466 931 483 vwvwvwvwvwvuvwmm
937 468 1157 484 ννννιὶὶΐὶιννῑννὶ
1164 470 1296 486 vxxxvvvv»
1301 471 1435 487 waxwvw

619 610 799 655 LIBER
837 609 914 656 IX.

147 777 182 823 Ι.
214 778 409 822 FAusrus
426 775 560 821 dixit:
582 796 601 816 «
619 775 764 831 Quare
781 791 868 820 non
888 775 1049 837 accipis
1067 775 1198 822 Vetus
1212 778 1247 820 T
1252 787 1456 824 estamen-

85 850 207 894 tum'?
227 847 273 894 Si
298 847 515 911 Apostolis
536 847 662 892 licuit
686 847 767 892 sub
787 846 937 892 eodem
953 847 1062 892 natis
1078 848 1132 892 ab
1147 864 1195 892 eo
1216 846 1451 906 discedere,

83 919 195 964 mihi
216 936 347 982 quare
367 935 454 964 non
475 918 601 963 liceat
630 918 674 962 in
697 935 784 980 quo
808 928 934 963 natus
953 934 1042 962 non
1071 933 1168 962 sum
1184 954 1194 972 ‚
1219 934 1306 962 non
1330 935 1458 965 usur-—

79 992 210 1055 pare?
234 990 395 1036 Omnes
417 989 583 1052 quippe
603 989 794 1034 Gentiles
811 989 1047 1043 nascimur,
1074 1005 1162 1033 non
1180 987 1343 1043 Judaei‚
1369 1006 1459 1034 non

79 1058 266 1123 (lenique
291 1060 529 1106 Christiani
558 1077 568 1104 ε
596 1059 668 1105 sed
693 1059 798 1105 alios
834 1059 887 1104 ad
909 1076 950 1104 se
981 1076 1029 1104 ex
1050 1058 1198 1104 eadem
1226 1059 1462 1118 gentilitate

79 1131 403 1176 Testamentum
432 1131 564 1176 Vetus
590 1130 787 1186 adducit,
813 1130 1005 1193 facitque
1026 1129 1228 1182 Judaeos3
1251 1129 1353 1176 alios
1374 1132 1459 1177 No-

77 1218 209 1257 vum,
237 1213 279 1248 et·
301 1201 446 1247 initiat
481 1201 776 1247 Christianos:
826 1211 1033 1264 tanquam
1063 1201 1095 1245 si
1135 1200 1236 1245 duae
1265 1202 1456 1259 arbores,

77 1271 217 1318 dulcis
243 1284 284 1318 et
315 1290 484 1329 amara,
521 1272 745 1318 radicibus
781 1273 867 1317 suis
902 1273 1029 1317 unius
1066 1282 1192 1316 terrae
1232 1270 1278 1315 in
1307 1289 1348 1317 se
1372 1274 1461 1319 vim

78 1342 352 1399 transferant,
366 1342 682 1389 immutandam
701 1342 984 1406 qualitatibus
1005 1342 1102 1387 suis.
1129 1341 1346 1403 Apostolis
1360 1361 1459 1403 ergo

76 1413 119 1459 in
132 1413 305 1460 dulcem
327 1414 653 1461 transeuntibus
674 1432 721 1459 ex
742 1431 903 1469 amaro,
927 1431 1059 1478 quam
1084 1412 1256 1484 demens
1272 1429 1343 1458 ero
1361 1432 1455 1474 ego,

76 1485 109 1530 si
132 1486 177 1530 in
196 1503 387 1532 amaram
419 1495 649 1532 convertar
673 1502 718 1530 ex
742 1484 877 1531 dulci.
910 1506 929 1526 ›)

140 1557 199 1604 ΙΙ.
236 1558 498 1618 Augustinus
521 1556 745 1620 respondit
767 1574 777 1601 ε
809 1557 900 1601 Cur
923 1573 1022 1616 ergo
1051 1557 1301 1619 Apostolus,
1318 1572 1449 1619 quem

75 1626 184 1673 dicis
208 1628 356 1674 relicto
375 1628 598 1688 judaismo
620 1645 666 1673 ex
697 1627 982 1674 amaritudine
1008 1628 1205 1673 transisse
1226 1628 1271 1672 in
1295 1626 1451 1672 dulce-

74 1698 238 1753 dinem,
259 1700 393 1760 magis
414 1700 514 1745 inde
533 1699 692 1744 fractos
714 1715 854 1743 ramos
870 1698 995 1747 dicit.
1014 1698 1089 1761 qui
1105 1716 1150 1743 ex
1173 1698 1266 1761 ipso
1284 1697 1451 1761 populo

72 1768 118 1813 in
145 1769 372 1815 Christum
396 1770 567 1816 credere
593 1770 852 1823 noluerunt;
889 1780 930 1814 et
950 1770 994 1814 in
1027 1770 1119 1832 ipsa
1152 1769 1258 1814 olcae
1280 1768 1447 1824 radice,

72 1839 117 1885 id
137 1850 214 1897 est,
229 1841 392 1902 origine
405 1852 655 1887 sanctorum
674 1841 983 1897 Hebraeorum,
1001 1851 1206 1903 tanquam
1222 1839 1452 1884 oleastrum

73 1921 215 1969 gentes
248 1911 425 1957 insertas
442 1949 452 1967 ‚
488 1922 537 1957 ut
563 1912 714 1957 fierent
746 1911 979 1974 participes
1006 1909 1282 1974 pinguedinis
1312 1909 1450 1955 oleae?

73 1981 184 2026 Nam
201 1999 303 2028 cum
327 1982 380 2028 de
400 1983 424 2027 J
430 1982 658 2028 udaeorum
678 1981 802 2044 lapsu
821 1982 1052 2027 admonere
1069 1992 1211 2041 gentes
1232 1997 1283 2025 ne
1305 1996 1453 2043 super-

71 2050 232 2109 birent,
259 2053 318 2098 ita
334 2053 506 2099 locutus
523 2064 583 2098 est
608 2069 618 2097 z
642 2052 811 2098 «Vobis
831 2053 963 2107 enim,
991 2052 1151 2116 inquit,
1182 2050 1281 2096 dico
1309 2049 1450 2110 genti-

72 2142 92 2163 >³
115 2122 198 2168 bus
213 2160 224 2179 ‚
247 2124 445 2187 quandiu
485 2123 663 2187 quidem
699 2139 776 2182 ego
819 2140 914 2169 sum
953 2123 1145 2183 gentium
1185 2120 1418 2184 Apostolus
1434 2156 1444 2175 ,

71 2212 91 2233 >³
116 2192 400 2240 ministerium
425 2211 570 2240 meum
607 2193 822 2253 glorifico,
855 2194 888 2239 si
919 2211 1006 2257 quo
1029 2192 1159 2239 modo
1180 2192 1234 2237 ad
1263 2190 1449 2237 aemula-

71 2283 91 2304 >³
114 2263 274 2309 tionem
294 2282 533 2328 provocare
551 2275 703 2328 potero
728 2281 901 2310 carnem
929 2282 1087 2323 ineam,
1119 2274 1168 2309 ut
1207 2261 1345 2308 salvos
1379 2260 1449 2307 fa-

70 2354 91 2374 »
115 2334 225 2379 ciam
246 2334 411 2398 aliquos
429 2353 474 2381 ex
487 2336 583 2382 illis,
612 2335 657 2380 Si
676 2335 849 2394 rejectio
876 2336 1049 2381 illorum
1078 2332 1369 2381 reconciliatio
1389 2341 1449 2376 est

69 2423 90 2444 »
114 2404 295 2462 mundi,
323 2422 422 2468 quae
445 2407 524 2452 erit
564 2406 798 2468 assumptio
819 2443 829 2462 ‚
860 2406 941 2452 nisi
980 2406 1069 2452 vita
1090 2423 1137 2451 ex
1163 2402 1377 2449 mortuis?
1402 2401 1448 2446 Si

69 2494 90 2515 »
115 2476 256 2521 autem
295 2475 501 2523 delibatio
521 2486 667 2522 sancta
698 2486 784 2533 est,
828 2487 868 2522 et
905 2476 1181 2540 conspersio3
1206 2485 1246 2519 et
1269 2474 1302 2519 si
1331 2470 1449 2517 radix

69 2566 90 2587 ³>
111 2556 256 2591 sancta
275 2558 354 2605 est,
372 2559 413 2594 et
441 2549 551 2594 rami
569 2566 579 2592 t
617 2546 737 2610 quod
758 2548 792 2593 si
810 2547 942 2612 aliqui
962 2566 1009 2594 ex
1027 2547 1154 2594 ramis
1165 2544 1292 2592 fracti
1312 2553 1411 2589 sunt
1434 2579 1445 2599 ,

70 2637 90 2658 ›>
114 2626 162 2663 tu
179 2626 323 2665 autem
346 2634 450 2666 cum
466 2636 573 2667 esses
595 2617 790 2677 oleaster,
813 2619 994 2667 insertus
1005 2637 1046 2666 es
1066 2619 1112 2668 in
1129 2618 1231 2674 illis,
1249 2627 1290 2662 et
1309 2614 1450 2661 socius

1210 2705 1280 2750 19·
