1795 3253
71 414 168 516 s,
227 413 560 516 ΑΗΒ.
627 414 1438 561 AUGUSTINI

441 632 800 673 HIPPONENSIS
827 633 1071 672 EPISGOPI

536 773 632 881 A
655 777 735 883 C
766 779 856 882 T
878 776 976 882 A

720 981 791 1010 SEU

169 1267 417 1315 CONTRA
463 1267 881 1315 FORTUNATUM
936 1267 1345 1325 MANICHAEUM,

590 1434 723 1465 Lmen
762 1435 876 1466 UNUS
896 1418 930 1467 1.

71 1596 1245 1613 wW-Qmmmmmmfflmmmwzwmmmmwuwn
1257 1596 1439 1611 nxz—‘Lm

310 1717 713 1761 DISPUTATIO
766 1718 991 1762 PRIMAE
1044 1719 1207 1762 DIEI.

142 1848 326 1905 QmNTo
364 1845 582 1892 Kalendas
607 1846 904 1910 Septembris,
939 1846 1127 1892 Arcadio
1160 1847 1355 1906 Augusto
1384 1846 1453 1892 bis

74 1930 118 1965 et
141 1919 305 1965 Rufino
328 1917 430 1963 viris
455 1915 700 1962 clarissimis
723 1917 1002 1974 consulibus,
1030 1917 1184 1963 habita
1215 1916 1453 1980 disputatio

75 1990 280 2039 adversus
326 1990 613 2034 Fortunatum
652 1987 1001 2033 Manichaeorum
1040 1988 1369 2051 presbyterum,
1408 1987 1454 2033 in

74 2061 186 2108 urbe
213 2059 563 2123 Hipponensium
601 2059 853 2119 regionum,
897 2059 943 2105 in
980 2058 1151 2104 Balneis
1183 2059 1337 2115 Sossii,
1372 2060 1453 2105 sub

76 2131 306 2198 praesentia
328 2130 498 2194 populi.

143 2204 178 2250 I.
221 2203 510 2248 AUGUsTffiUs
535 2200 641 2245 dixit
667 2218 678 2246 ι
707 2202 799 2261 Ego
817 2204 911 2261 jam
936 2217 1122 2247 errorem
1152 2211 1263 2264 puto
1281 2237 1292 2257 ,
1322 2217 1456 2264 quam

79 2285 203 2321 antea
221 2272 446 2320 veritatem
479 2272 696 2335 putabam
721 2289 731 2316 ε
759 2282 907 2318 utrum
931 2283 1047 2318 recte
1071 2271 1333 2328 existimem,
1370 2289 1393 2316 a
1417 2280 1457 2317 te

78 2354 291 2409 praesente
309 2343 458 2389 audire
476 2343 624 2407 cupio.
650 2344 702 2388 In
719 2343 872 2407 primis
886 2360 1104 2389 summum
1124 2359 1310 2388 errorem
1324 2352 1452 2405 puto,

81 2417 422 2479 omnipotentem
445 2415 585 2459 Deum
602 2452 612 2470 ‚
637 2414 682 2459 in
705 2432 793 2479 quo
819 2432 904 2460 una
930 2415 1058 2460 nobis
1081 2431 1176 2477 spes
1193 2423 1278 2469 est,
1305 2430 1352 2458 ex
1375 2413 1457 2458 ali-

80 2504 168 2550 qua
190 2496 313 2550 parte
330 2484 579 2532 violabilem
598 2522 609 2541 ‚
633 2495 704 2530 aut
722 2484 1091 2548 coinquinabilem
1107 2521 1117 2541 ‚
1149 2493 1222 2529 aut
1242 2483 1458 2546 corrupti-

80 2556 216 2604 bilem
235 2555 422 2603 credere.
453 2556 551 2601 Hoc
570 2565 755 2602 vestram
779 2555 979 2602 haeresim
1002 2554 1214 2601 affirmare
1233 2554 1321 2600 scio
1338 2590 1349 2611 ,
1370 2571 1458 2601 non

131 2649 142 2672 ¹
161 2648 301 2693 Scriptus
313 2659 398 2681 anno
416 2649 494 2690 392.
513 2665 558 2674 -
576 2647 661 2680 Vide
677 2651 818 2681 Retract.
836 2647 895 2683 lib.
914 2659 940 2688 1,
953 2659 1025 2692 cap.
1045 2648 1078 2679 6.
