1795 3253
268 320 443 351 CONTRA
479 321 682 352 FAUSTUM
717 321 1018 362 MANICHAEUM,
1059 323 1145 355 mn.
1188 326 1261 356 xx.
1369 311 1459 376 537

90 403 205 433 sanae
237 386 450 433 doctrinae
468 425 479 444 ‚
507 405 605 451 quae
628 387 716 434 sola
736 387 953 433 catholica
989 399 1049 434 ost
1069 426 1079 444 ‚
1102 390 1204 453 quia
1229 392 1355 438 multi
1375 397 1464 453 ejus

89 456 262 502 nomine
277 457 438 502 censeri
458 457 629 513 volunt,
645 468 686 502 et
703 475 779 520 per
799 457 917 503 illam
941 460 1079 504 sanari
1097 460 1265 508 nolunt.
1297 465 1322 508 Α
1334 480 1458 522 gnos-

92 527 227 573 cenda
248 538 310 572 est
332 528 445 573 enim
467 529 665 591 paucitas
693 528 764 573 illa
781 565 792 579 ,
819 545 948 591 quam
986 530 1199 576 Dominus
1240 533 1461 596 praecipue

91 597 366 643 commendat
382 598 426 643 in
438 599 600 658 ingenti
611 609 737 662 atquc
748 599 1054 644 innumerabili
1077 601 1351 647 multitudine
1370 614 1459 648 toto

92 667 197 712 orbe
215 666 370 712 diffusa
384 667 435 697 1·
425 685 552 731 :quae
573 679 713 714 tamen
738 669 901 731 pacitas
924 680 1168 715 sanctfflum
1204 683 1329 736 atque
1350 673 1461 718 fide-

90 737 215 793 lium,
240 737 358 801 quod
389 755 504 801 saepc
543 738 939 784 commendandum
964 750 1278 803 cst‚ta11quam
1304 759 1465 801 grano-

89 823 188 852 rum
211 806 257 852 in
274 808 598 885 comparatione
612 807 901 853 multitudinis
922 808 1161 871 palearum
1176 811 1372 873 paucitas
1393 811 1464 856 di-

91 877 226 930 citur3
249 893 328 940 per
344 893 385 921 se
399 888 541 922 autem
559 878 697 941 ipsam
722 889 882 924 tantam
906 895 1087 924 massam
1105 879 1315 926 frumenti
1337 880 1458 937 facit,

93 957 142 993 ut
159 964 307 992 omnes
324 949 487 1011 probos
501 959 542 993 et
563 949 773 1012 reprobos
792 960 950 995 vestros
968 986 978 1005 ‚
1002 965 1109 1013 quos
1126 951 1289 1013 pariter
1304 951 1460 996 veritas

92 1017 316 1080 reprobat,
345 1017 682 1081 incomparabili
721 1019 1000 1065 multitudine
1024 1032 1209 1083 superet.
1238 1023 1350 1066 Ecce
1376 1038 1463 1066 non

93 1104 240 1133 sumus
258 1088 462 1133 Gentium
478 1088 683 1144 schisma,
711 1107 732 1134 a
750 1090 911 1152 quibus
930 1089 1170 1152 plurimum
1194 1091 1403 1136 distamus
1423 1091 1466 1136 in

94 1156 247 1202 melius
270 1174 281 1202 ε
308 1158 381 1203 sed
401 1175 479 1204 nec
502 1175 576 1204 vos
602 1159 689 1205 hoc
711 1161 825 1215 estis,
849 1160 951 1223 quia
965 1159 1202 1223 plurimum
1226 1162 1281 1207 ab
1299 1161 1356 1206 eis
1379 1161 1466 1206 dis-

96 1227 195 1273 tatis
213 1227 258 1273 in
280 1231 418 1291 pejus,

145 1322 156 1344 ¹
179 1321 297 1356 Matth.
318 1334 374 1360 xx,
395 1325 446 1354 18.
