1795 3253
273 294 448 326 CONTRA
483 295 684 326 FAUSTUM
719 295 1020 338 MANICHAEUM‚
1060 298 1142 327 LIB.
1185 297 1278 326 xlx.
1386 281 1474 343 [191

112 382 133 403 >³
158 361 336 408 alteram
361 361 395 409 1.
422 384 442 404 ›>
465 373 508 409 et
528 372 696 410 caetera.
727 363 813 409 Nos
841 362 954 408 enim
977 363 1163 408 dicimus
1186 361 1314 408 etiam
1356 361 1479 420 haec,

110 449 211 496 quae
230 433 297 478 isti
315 443 473 497 putant
498 434 669 480 solvisse
697 433 918 480 Christum
937 471 947 484 ,
971 433 1090 480 velut
1125 433 1340 479 contraria
1370 433 1482 479 refe-

109 502 261 557 rendo,
283 513 325 549 et
349 514 455 549 tunc
476 521 556 567 pro
579 515 773 568 tempore
796 505 904 549 bene
922 504 1050 550 fuisse
1063 503 1277 561 instituta,
1302 514 1344 550 et
1366 521 1484 550 nunc

111 591 134 619 a
149 573 324 620 Christo
345 591 432 619 non
453 575 589 620 soluta
615 575 687 621 sed
711 574 962 638 adimpleta.
1355 571 1363 577 ⁹

174 645 270 691 XX.
304 645 492 690 Proinde
509 646 702 708 primum
724 645 859 691 abhis
879 663 1028 709 quaero
1046 684 1055 701 ,
1074 657 1219 691 utrum
1235 644 1297 690 illi
1318 645 1487 708 antiqui

104 715 228 776 justi,
257 716 413 761 Enoch
437 727 478 762 et
495 716 618 772 Seth,
641 716 722 763 hos
740 716 853 762 enim
873 717 1145 780 potissimum
1167 717 1347 761 Faustus
1366 733 1483 761 com-

109 798 338 839 memorat,
365 798 407 832 et
433 787 466 833 si
485 789 559 851 qui
585 787 656 833 alii
675 825 686 843 ,
727 805 815 833 non
844 787 982 832 solum
1003 798 1101 833 ante
1130 788 1324 850 Moysem
1352 785 1424 831 sed
1444 796 1486 832 et

109 857 143 901 si
161 857 237 921 qui
257 868 354 902 ante
380 858 604 904 Abraham
622 858 798 904 fuerunt
817 896 827 914 ,
856 858 954 904 irati
973 858 1059 903 sint
1074 858 1198 903 fratri
1216 858 1305 902 sine
1329 873 1477 912 causa,

112 937 184 973 aut
205 928 389 974 dixerint
407 928 546 985 fratri‚
571 932 718 976 Fatue.
752 930 797 975 Si
822 931 935 975 enirn
954 946 1042 974 non
1067 928 1284 983 dixerunt,
1304 945 1484 973 curnon

110 1009 151 1044 et
163 997 260 1044 talia
276 999 541 1045 docuerunt)
553 1000 681 1055 Quod
698 1002 728 1046 si
743 1000 894 1046 ettalia
903 1000 1164 1055 docuerunt,
1176 1015 1484 1062 quaeroquem-

112 1069 347 1115 admodum
372 1070 819 1130 veleorumjtlstitiam
832 1070 1165 1134 doctrinamque
1185 1069 1385 1115 Christus
1405 1067 1482 1113 ad-

109 1139 370 1202 impleverit„
386 1140 604 1195 addendo,
627 1143 751 1201 «Ego
772 1152 914 1186 autem
931 1140 1030 1186 dico
1045 1140 1185 1192 vobis,
1211 1139 1244 1184 si
1267 1138 1485 1202 quisiras-

111 1231 132 1252 »
150 1210 264 1256 citur
281 1209 403 1256 fratri
425 1228 518 1265 suo,
537 1222 610 1257 aut
625 1213 657 1257 si
673 1212 769 1275 quis
791 1212 917 1266 dicit,
934 1211 1105 1258 Racha.
1120 1221 1194 1256 aut
1212 1210 1243 1255 si
1257 1210 1354 1274 quis
1364 1209 1486 1266 dicit,

112 1302 134 1323 2>
157 1281 308 1331 Fatue.
332 1299 429 1327 reus
467 1283 546 1327 erit
562 1283 626 1328 vol
644 1283 819 1343 judicii,
863 1281 929 1328 vel
953 1281 1138 1335 consilii,
1173 1281 1241 1326 vel
1281 1280 1490 1340 gehennae

113 1373 134 1392 n
146 1351 276 1412 ignis²
295 1370 337 1397 z»
355 1352 710 1416 quandoquidem
729 1364 769 1399 et
783 1353 844 1398 illi
859 1352 1009 1398 eodem
1024 1352 1152 1398 modo
1167 1352 1391 1409 vivebant,
1410 1367 1487 1396 eo-

114 1422 211 1468 dem
231 1422 365 1468 modo
387 1424 623 1470 vivendum
648 1425 910 1470 monebant?
936 1426 998 1469 An
1019 1423 1276 1483 ignorabant
1301 1422 1362 1467 illi
1381 1422 1489 1482 justi

111 1493 367 1540 frenandam
381 1512 467 1541 esse
483 1495 754 1542 iracundiam
764 1534 774 1551 ‚
788 1495 1085 1559 necpetulanti
1101 1494 1299 1540 convicio
1313 1493 1491 1539 fratrem

112 1565 433 1618 lacessendun13
463 1577 536 1611 aut
553 1577 764 1612 noverant
782 1566 977 1630 quidem,
1015 1565 1088 1611 sed
1121 1565 1176 1610 ab
1198 1565 1266 1610 his
1288 1582 1329 1610 se
1350 1564 1488 1609 absti-

103 1644 213 1682 'nere
244 1654 331 1682 non
362 1641 595 1700 poterant?
627 1639 737 1697 Ergo
758 1638 818 1684 rei
843 1649 964 1683 erant
992 1637 1228 1696 gehennae:
1269 1635 1489 1699 quomodo

114 1707 248 1767 igitur
263 1707 399 1767 justi?
419 1707 620 1754 Profecto
639 1709 752 1754 enim
773 1725 852 1754 nec
874 1707 1118 1771 imperitam
1137 1723 1278 1752 rerum
1299 1706 1350 1752 ad
1367 1723 1492 1751 suum

114 1777 305 1824 officium
327 1778 660 1841 pertinentium,
686 1797 765 1825 nec
799 1779 1163 1840 intemperantem
1188 1776 1318 1822 audes
1346 1776 1489 1822 dicere

115 1865 264 1894 eorum
281 1846 410 1893 fuisse
429 1849 661 1909 justitiam,
683 1848 728 1893 in
755 1859 922 1894 tantum
943 1859 991 1894 ut
1013 1864 1082 1892 eos
1113 1846 1270 1892 faceret
1307 1863 1400 1892 reos
1417 1863 1493 1906 ge-

113 1917 286 1965 hennae.
317 1919 408 1964 Cur
429 1936 528 1979 ergo
547 1918 665 1964 illam
688 1918 842 1978 legem,
870 1918 1110 1964 secundum
1138 1934 1270 1981 quam
1286 1916 1494 1963 vivebant

115 1988 282 2052 antiqui
305 1989 437 2049 justi‚
460 1989 559 2035 haec
587 1989 786 2035 addendo
808 1990 1009 2036 Christus
1036 1987 1261 2052 impleret,
1292 2005 1390 2034 cum
1413 2005 1490 2033 eo-

115 2077 213 2105 rum
233 2076 405 2123 quoque
419 2060 586 2120 justitia
600 2060 688 2104 sine
699 2059 787 2104 istis
807 2077 892 2105 esse
913 2078 999 2105 non
1021 2061 1184 2122 posset?
1209 2061 1271 2104 An
1291 2058 1488 2104 dicturus

115 2147 174 2186 es,
192 2129 310 2194 quod
333 2123 531 2195 praecelis
548 2129 776 2176 iracundia
791 2169 802 2185 ,
839 2142 880 2176 et
901 2131 1048 2191 lingua
1073 2129 1295 2193 improba,
1324 2147 1371 2175 ex
1397 2146 1484 2194 quo

117 2202 235 2249 venit
266 2201 495 2256 Christus,
523 2202 662 2265 coepit
693 2201 747 2247 ad
781 2202 1054 2267 iniquitatem
1086 2200 1334 2264 pertinere3
1367 2211 1491 2245 antea

88 2272 93 2273 ⁷
115 2290 216 2318 vero
238 2290 325 2318 non
341 2283 432 2318 erat
457 2273 657 2336 iniquum
669 2273 736 2318 vel
757 2273 886 2320 corde
910 2273 976 2320 vel
996 2290 1068 2319 ore
1091 2272 1170 2318 ista
1188 2271 1486 2318 committere?

122 2342 246 2388 Sicut
259 2343 306 2388 in
326 2343 591 2406 quibusdam
619 2342 748 2388 rebus
769 2361 850 2407 pro
882 2354 1129 2408 temporum
1154 2341 1494 2405 proprietatibus

116 2413 343 2468 institutis,
374 2414 617 2460 invenimus
641 2431 759 2460 nunc
784 2415 949 2479 aliquid
974 2433 1062 2461 non
1082 2414 1231 2468 licere,
1254 2411 1375 2477 quod
1401 2422 1497 2457 ante

116 2483 313 2546 licuerit3
335 2484 401 2530 vel
424 2485 543 2547 quod
570 2495 667 2529 ante
693 2502 782 2531 non
822 2485 1019 2543 licuerit,
1056 2501 1173 2531 nunc
1210 2483 1351 2530 licere.
1397 2483 1497 2528 Non

118 2571 255 2619 usqne
291 2555 397 2601 adeo
427 2555 611 2618 desipis,
650 2565 700 2601 ut
730 2555 818 2604 hoc
849 2556 999 2604 dicas:
1029 2554 1256 2603 sedetiam
1279 2553 1314 2599 si
1353 2551 1493 2609 dicaS,

166 2639 176 2663 ¹
199 2636 316 2673 Matth.
333 2650 364 2680 v,
380 2641 439 2681 39.
453 2656 499 2663 -
523 2637 540 2661 2
562 2637 645 2671 lbid.
665 2648 721 2674 22.
