<?xml version="1.0" encoding="UTF-8"?>
<!DOCTYPE html PUBLIC "-//W3C//DTD XHTML 1.0 Transitional//EN"
    "http://www.w3.org/TR/xhtml1/DTD/xhtml1-transitional.dtd">
<html xmlns="http://www.w3.org/1999/xhtml" xml:lang="en" lang="en">
 <head>
  <title>
</title>
<meta http-equiv="Content-Type" content="text/html;charset=utf-8" />
  <meta name='ocr-system' content='tesseract 3.04.00' />
  <meta name='ocr-capabilities' content='ocr_page ocr_carea ocr_par ocr_line ocrx_word'/>
</head>
<body>
  <div class='ocr_page' id='page_1' title='image "./operaomniaaccura28auguuoft/operaomniaaccura28auguuoft_0345.png"; bbox 0 0 1795 3253; ppageno 0'>
   <div class='ocr_carea' id='block_1_1' title="bbox 234 248 1442 302">
    <p class='ocr_par' dir='ltr' id='par_1_1' title="bbox 234 248 1442 302">
     <span class='ocr_line' id='line_1_1' title="bbox 234 248 1442 302; baseline 0 -6"><span class='ocrx_word' id='word_1_1' title='bbox 234 264 413 296; x_wconf 76' lang='lat' dir='ltr'>CONTRA</span> <span class='ocrx_word' id='word_1_2' title='bbox 448 263 651 295; x_wconf 82' lang='lat' dir='ltr'>FAUSTUM</span> <span class='ocrx_word' id='word_1_3' title='bbox 686 261 989 302; x_wconf 76' lang='lat' dir='ltr'>MAMCHAEUM,</span> <span class='ocrx_word' id='word_1_4' title='bbox 1028 262 1116 294; x_wconf 84' lang='lat' dir='ltr'><strong>LIB.</strong></span> <span class='ocrx_word' id='word_1_5' title='bbox 1158 262 1242 293; x_wconf 80' lang='lat' dir='ltr'>xri.</span> <span class='ocrx_word' id='word_1_6' title='bbox 1348 248 1442 296; x_wconf 81' lang='lat'>335</span> 
     </span>
    </p>
   </div>
   <div class='ocr_carea' id='block_1_2' title="bbox 63 328 1500 2656">
    <p class='ocr_par' dir='ltr' id='par_1_2' title="bbox 63 328 1500 2656">
     <span class='ocr_line' id='line_1_2' title="bbox 63 328 1443 397; baseline 0.001 -19"><span class='ocrx_word' id='word_1_7' title='bbox 63 332 244 397; x_wconf 89' lang='lat' dir='ltr'>proprio</span> <span class='ocrx_word' id='word_1_8' title='bbox 262 330 498 386; x_wconf 84' lang='lat' dir='ltr'>vocabulo,</span> <span class='ocrx_word' id='word_1_9' title='bbox 521 341 563 376; x_wconf 86' lang='lat' dir='ltr'>et</span> <span class='ocrx_word' id='word_1_10' title='bbox 590 330 636 376; x_wconf 88' lang='lat' dir='ltr'>in</span> <span class='ocrx_word' id='word_1_11' title='bbox 659 329 763 393; x_wconf 89' lang='lat' dir='ltr'>ipsis</span> <span class='ocrx_word' id='word_1_12' title='bbox 782 332 873 388; x_wconf 88' lang='lat' dir='ltr'>jam</span> <span class='ocrx_word' id='word_1_13' title='bbox 895 328 1114 374; x_wconf 85' lang='lat' dir='ltr'>Gentibus</span> <span class='ocrx_word' id='word_1_14' title='bbox 1142 329 1304 376; x_wconf 86' lang='lat' dir='ltr'>dicitur</span> <span class='ocrx_word' id='word_1_15' title='bbox 1327 331 1443 380; x_wconf 89' lang='lat' dir='ltr'>Deus</span> 
     </span>
     <span class='ocr_line' id='line_1_3' title="bbox 64 400 1439 455; baseline 0 -6"><span class='ocrx_word' id='word_1_16' title='bbox 64 403 216 450; x_wconf 73' lang='lat' dir='ltr'>Israel.</span> <span class='ocrx_word' id='word_1_17' title='bbox 245 403 300 447; x_wconf 87' lang='lat' dir='ltr'>Et</span> <span class='ocrx_word' id='word_1_18' title='bbox 324 402 440 447; x_wconf 90' lang='lat' dir='ltr'>unde</span> <span class='ocrx_word' id='word_1_19' title='bbox 464 403 551 447; x_wconf 87' lang='lat' dir='ltr'>hoc</span> <span class='ocrx_word' id='word_1_20' title='bbox 573 401 739 447; x_wconf 90' lang='lat' dir='ltr'>factum</span> <span class='ocrx_word' id='word_1_21' title='bbox 754 410 831 455; x_wconf 89' lang='lat' dir='ltr'>est,</span> <span class='ocrx_word' id='word_1_22' title='bbox 856 400 937 445; x_wconf 90' lang='lat' dir='ltr'>nisi</span> <span class='ocrx_word' id='word_1_23' title='bbox 962 418 1009 445; x_wconf 78' lang='lat' dir='ltr'>ex</span> <span class='ocrx_word' id='word_1_24' title='bbox 1036 400 1338 448; x_wconf 86' lang='lat' dir='ltr'>benedictione</span> <span class='ocrx_word' id='word_1_25' title='bbox 1359 404 1439 449; x_wconf 84' lang='lat' dir='ltr'>Ja-</span> 
     </span>
     <span class='ocr_line' id='line_1_4' title="bbox 63 471 1440 537; baseline 0.001 -18"><span class='ocrx_word' id='word_1_26' title='bbox 63 473 239 537; x_wconf 67' lang='lat' dir='ltr'>pheih?</span> <span class='ocrx_word' id='word_1_27' title='bbox 259 474 310 518; x_wconf 89' lang='lat' dir='ltr'>In</span> <span class='ocrx_word' id='word_1_28' title='bbox 331 472 499 536; x_wconf 81' lang='lat' dir='ltr'>populo</span> <span class='ocrx_word' id='word_1_29' title='bbox 521 473 635 518; x_wconf 89' lang='lat' dir='ltr'>enim</span> <span class='ocrx_word' id='word_1_30' title='bbox 661 471 868 516; x_wconf 78' lang='lat' dir='ltr'>Gentium</span> <span class='ocrx_word' id='word_1_31' title='bbox 898 481 1036 516; x_wconf 90' lang='lat' dir='ltr'>totum</span> <span class='ocrx_word' id='word_1_32' title='bbox 1061 472 1213 516; x_wconf 90' lang='lat' dir='ltr'>orbem</span> <span class='ocrx_word' id='word_1_33' title='bbox 1229 482 1440 521; x_wconf 84' lang='lat' dir='ltr'>terrarum</span> 
     </span>
     <span class='ocr_line' id='line_1_5' title="bbox 66 541 1440 607; baseline 0.001 -17"><span class='ocrx_word' id='word_1_34' title='bbox 66 543 303 607; x_wconf 81' lang='lat' dir='ltr'>occupavit</span> <span class='ocrx_word' id='word_1_35' title='bbox 329 543 541 590; x_wconf 76' lang='lat' dir='ltr'>Ecclesia.</span> <span class='ocrx_word' id='word_1_36' title='bbox 575 543 673 588; x_wconf 90' lang='lat' dir='ltr'>Hoc</span> <span class='ocrx_word' id='word_1_37' title='bbox 696 558 873 604; x_wconf 91' lang='lat' dir='ltr'>prorsus</span> <span class='ocrx_word' id='word_1_38' title='bbox 893 578 903 597; x_wconf 92' lang='lat'>,</span> <span class='ocrx_word' id='word_1_39' title='bbox 925 541 1011 587; x_wconf 93' lang='grc'>1100</span> <span class='ocrx_word' id='word_1_40' title='bbox 1038 542 1440 605; x_wconf 61' lang='lat' dir='ltr'>praenuntiabatur,</span> 
     </span>
     <span class='ocr_line' id='line_1_6' title="bbox 65 612 1444 675; baseline 0.001 -14"><span class='ocrx_word' id='word_1_41' title='bbox 65 631 168 661; x_wconf 90' lang='lat' dir='ltr'>cum</span> <span class='ocrx_word' id='word_1_42' title='bbox 185 615 401 661; x_wconf 81' lang='lat' dir='ltr'>diceretur</span> <span class='ocrx_word' id='word_1_43' title='bbox 414 615 642 660; x_wconf 82' lang='lat' dir='ltr'>Latificct:</span> <span class='ocrx_word' id='word_1_44' title='bbox 662 635 681 654; x_wconf 74' lang='lat' dir='ltr'>c&lt;</span> <span class='ocrx_word' id='word_1_45' title='bbox 695 613 810 658; x_wconf 89' lang='lat' dir='ltr'>Deus</span> <span class='ocrx_word' id='word_1_46' title='bbox 828 613 852 656; x_wconf 89' lang='lat' dir='ltr'>J</span> <span class='ocrx_word' id='word_1_47' title='bbox 859 612 1043 675; x_wconf 85' lang='lat' dir='ltr'>apheth,</span> <span class='ocrx_word' id='word_1_48' title='bbox 1068 623 1109 658; x_wconf 90' lang='lat' dir='ltr'>et</span> <span class='ocrx_word' id='word_1_49' title='bbox 1127 612 1297 659; x_wconf 87' lang='lat' dir='ltr'>habitet</span> <span class='ocrx_word' id='word_1_50' title='bbox 1312 617 1355 662; x_wconf 86' lang='lat' dir='ltr'>in</span> <span class='ocrx_word' id='word_1_51' title='bbox 1368 617 1444 663; x_wconf 90' lang='lat' dir='ltr'>do-</span> 
     </span>
     <span class='ocr_line' id='line_1_7' title="bbox 65 683 1443 740; baseline 0.004 -12"><span class='ocrx_word' id='word_1_52' title='bbox 65 707 87 728; x_wconf 83' lang='lat'>»</span> <span class='ocrx_word' id='word_1_53' title='bbox 106 685 252 731; x_wconf 89' lang='lat' dir='ltr'>mibus</span> <span class='ocrx_word' id='word_1_54' title='bbox 272 686 374 732; x_wconf 90' lang='lat' dir='ltr'>Sem</span> <span class='ocrx_word' id='word_1_55' title='bbox 389 685 423 732; x_wconf 65' lang='lat'>4.</span> <span class='ocrx_word' id='word_1_56' title='bbox 443 707 464 727; x_wconf 86' lang='grc'><em>»</em></span> <span class='ocrx_word' id='word_1_57' title='bbox 478 684 647 740; x_wconf 85' lang='lat' dir='ltr'>Videte,</span> <span class='ocrx_word' id='word_1_58' title='bbox 677 683 910 729; x_wconf 84' lang='lat' dir='ltr'>Manichaei</span> <span class='ocrx_word' id='word_1_59' title='bbox 927 721 938 739; x_wconf 82' lang='lat'>,</span> <span class='ocrx_word' id='word_1_60' title='bbox 957 683 1114 739; x_wconf 81' lang='lat' dir='ltr'>videte,</span> <span class='ocrx_word' id='word_1_61' title='bbox 1134 701 1232 730; x_wconf 90' lang='lat' dir='ltr'>ecce</span> <span class='ocrx_word' id='word_1_62' title='bbox 1246 686 1290 730; x_wconf 91' lang='lat' dir='ltr'>in</span> <span class='ocrx_word' id='word_1_63' title='bbox 1314 703 1443 734; x_wconf 88' lang='lat' dir='ltr'>cons-</span> 
     </span>
     <span class='ocr_line' id='line_1_8' title="bbox 63 754 1440 819; baseline 0.002 -18"><span class='ocrx_word' id='word_1_64' title='bbox 63 766 198 819; x_wconf 88' lang='lat' dir='ltr'>pectu</span> <span class='ocrx_word' id='word_1_65' title='bbox 216 767 356 802; x_wconf 87' lang='lat' dir='ltr'>vestro</span> <span class='ocrx_word' id='word_1_66' title='bbox 375 766 437 801; x_wconf 91' lang='lat' dir='ltr'>est</span> <span class='ocrx_word' id='word_1_67' title='bbox 459 755 577 801; x_wconf 90' lang='lat' dir='ltr'>orbis</span> <span class='ocrx_word' id='word_1_68' title='bbox 594 766 829 800; x_wconf 88' lang='lat' dir='ltr'>terrarum:</span> <span class='ocrx_word' id='word_1_69' title='bbox 853 754 940 799; x_wconf 93' lang='lat' dir='ltr'>hoc</span> <span class='ocrx_word' id='word_1_70' title='bbox 965 755 1160 817; x_wconf 85' lang='lat' dir='ltr'>stupetis,</span> <span class='ocrx_word' id='word_1_71' title='bbox 1179 756 1266 801; x_wconf 89' lang='lat' dir='ltr'>hoc</span> <span class='ocrx_word' id='word_1_72' title='bbox 1287 754 1440 804; x_wconf 69' lang='lat' dir='ltr'>doletis</span> 
     </span>
     <span class='ocr_line' id='line_1_9' title="bbox 65 825 1448 890; baseline 0.002 -18"><span class='ocrx_word' id='word_1_73' title='bbox 65 826 112 873; x_wconf 88' lang='lat' dir='ltr'>in</span> <span class='ocrx_word' id='word_1_74' title='bbox 135 826 314 890; x_wconf 86' lang='lat' dir='ltr'>populis</span> <span class='ocrx_word' id='word_1_75' title='bbox 336 827 509 882; x_wconf 90' lang='lat' dir='ltr'>nostris,</span> <span class='ocrx_word' id='word_1_76' title='bbox 525 826 627 889; x_wconf 86' lang='lat' dir='ltr'>quia</span> <span class='ocrx_word' id='word_1_77' title='bbox 649 825 846 870; x_wconf 71' lang='lat' dir='ltr'>latificat</span> <span class='ocrx_word' id='word_1_78' title='bbox 870 825 985 869; x_wconf 88' lang='lat' dir='ltr'>Deus</span> <span class='ocrx_word' id='word_1_79' title='bbox 1003 825 1212 888; x_wconf 80' lang='lat' dir='ltr'>Japheth.</span> <span class='ocrx_word' id='word_1_80' title='bbox 1241 827 1391 874; x_wconf 88' lang='lat' dir='ltr'>Videte</span> <span class='ocrx_word' id='word_1_81' title='bbox 1413 832 1448 877; x_wconf 89' lang='lat' dir='ltr'>si</span> 
     </span>
     <span class='ocr_line' id='line_1_10' title="bbox 67 894 1448 960; baseline 0.003 -18"><span class='ocrx_word' id='word_1_82' title='bbox 67 914 156 942; x_wconf 90' lang='lat' dir='ltr'>non</span> <span class='ocrx_word' id='word_1_83' title='bbox 168 897 339 943; x_wconf 88' lang='lat' dir='ltr'>habitet</span> <span class='ocrx_word' id='word_1_84' title='bbox 351 897 397 943; x_wconf 90' lang='lat' dir='ltr'>in</span> <span class='ocrx_word' id='word_1_85' title='bbox 417 897 624 942; x_wconf 83' lang='lat' dir='ltr'>domibus</span> <span class='ocrx_word' id='word_1_86' title='bbox 645 896 762 951; x_wconf 83' lang='lat' dir='ltr'>Sem,</span> <span class='ocrx_word' id='word_1_87' title='bbox 783 894 829 940; x_wconf 88' lang='lat' dir='ltr'>id</span> <span class='ocrx_word' id='word_1_88' title='bbox 851 905 930 951; x_wconf 87' lang='lat' dir='ltr'>est,</span> <span class='ocrx_word' id='word_1_89' title='bbox 952 895 996 940; x_wconf 91' lang='lat' dir='ltr'>in</span> <span class='ocrx_word' id='word_1_90' title='bbox 1010 894 1231 952; x_wconf 88' lang='lat' dir='ltr'>Ecclesiis,</span> <span class='ocrx_word' id='word_1_91' title='bbox 1250 914 1357 960; x_wconf 86' lang='lat' dir='ltr'>quas</span> <span class='ocrx_word' id='word_1_92' title='bbox 1371 900 1448 947; x_wconf 87' lang='lat' dir='ltr'>filii</span> 
     </span>
     <span class='ocr_line' id='line_1_11' title="bbox 67 965 1449 1031; baseline 0.003 -18"><span class='ocrx_word' id='word_1_93' title='bbox 67 967 395 1030; x_wconf 80' lang='lat' dir='ltr'>Prophetarum</span> <span class='ocrx_word' id='word_1_94' title='bbox 418 966 613 1030; x_wconf 83' lang='lat' dir='ltr'>Apostoli</span> <span class='ocrx_word' id='word_1_95' title='bbox 632 976 980 1012; x_wconf 84' lang='lat' dir='ltr'>construxerunt.</span> <span class='ocrx_word' id='word_1_96' title='bbox 1011 965 1168 1011; x_wconf 89' lang='lat' dir='ltr'>Audite</span> <span class='ocrx_word' id='word_1_97' title='bbox 1197 968 1306 1031; x_wconf 87' lang='lat' dir='ltr'>quid</span> <span class='ocrx_word' id='word_1_98' title='bbox 1331 969 1449 1017; x_wconf 87' lang='lat' dir='ltr'>dicat</span> 
     </span>
     <span class='ocr_line' id='line_1_12' title="bbox 65 1036 1449 1102; baseline 0.004 -20"><span class='ocrx_word' id='word_1_99' title='bbox 65 1037 331 1098; x_wconf 87' lang='lat' dir='ltr'>Paulusjam</span> <span class='ocrx_word' id='word_1_100' title='bbox 354 1038 559 1083; x_wconf 87' lang='lat' dir='ltr'>fidelibus</span> <span class='ocrx_word' id='word_1_101' title='bbox 587 1037 836 1083; x_wconf 81' lang='lat' dir='ltr'>Gentibus:</span> <span class='ocrx_word' id='word_1_102' title='bbox 865 1037 990 1093; x_wconf 81' lang='lat' dir='ltr'>«Qui</span> <span class='ocrx_word' id='word_1_103' title='bbox 1019 1036 1164 1094; x_wconf 82' lang='lat' dir='ltr'>eratis,</span> <span class='ocrx_word' id='word_1_104' title='bbox 1185 1037 1345 1102; x_wconf 81' lang='lat' dir='ltr'>inquit,</span> <span class='ocrx_word' id='word_1_105' title='bbox 1373 1041 1449 1088; x_wconf 91' lang='lat' dir='ltr'>illo</span> 
     </span>
     <span class='ocr_line' id='line_1_13' title="bbox 64 1108 1452 1172; baseline 0.004 -19"><span class='ocrx_word' id='word_1_106' title='bbox 64 1130 86 1152; x_wconf 81' lang='grc'>»</span> <span class='ocrx_word' id='word_1_107' title='bbox 110 1109 157 1154; x_wconf 98' lang='grc'>111</span> <span class='ocrx_word' id='word_1_108' title='bbox 177 1119 374 1172; x_wconf 89' lang='lat' dir='ltr'>tempore</span> <span class='ocrx_word' id='word_1_109' title='bbox 389 1109 478 1155; x_wconf 86' lang='lat' dir='ltr'>sine</span> <span class='ocrx_word' id='word_1_110' title='bbox 502 1109 680 1154; x_wconf 84' lang='lat' dir='ltr'>Christo</span> <span class='ocrx_word' id='word_1_111' title='bbox 699 1146 710 1165; x_wconf 87' lang='lat'>,</span> <span class='ocrx_word' id='word_1_112' title='bbox 755 1108 925 1154; x_wconf 85' lang='lat' dir='ltr'>alienati</span> <span class='ocrx_word' id='word_1_113' title='bbox 957 1126 979 1153; x_wconf 88' lang='lat' dir='ltr'>a</span> <span class='ocrx_word' id='word_1_114' title='bbox 1008 1108 1209 1154; x_wconf 83' lang='lat' dir='ltr'>societate</span> <span class='ocrx_word' id='word_1_115' title='bbox 1235 1112 1387 1168; x_wconf 67' lang='lat' dir='ltr'>lsrael,</span> <span class='ocrx_word' id='word_1_116' title='bbox 1410 1124 1452 1159; x_wconf 92' lang='lat' dir='ltr'>et</span> 
     </span>
     <span class='ocr_line' id='line_1_14' title="bbox 67 1178 1451 1244; baseline 0.007 -24"><span class='ocrx_word' id='word_1_117' title='bbox 67 1179 328 1242; x_wconf 86' lang='lat' dir='ltr'>»peregrini</span> <span class='ocrx_word' id='word_1_118' title='bbox 363 1180 770 1233; x_wconf 86' lang='lat' dir='ltr'>Testamentorum,</span> <span class='ocrx_word' id='word_1_119' title='bbox 813 1189 855 1224; x_wconf 92' lang='lat' dir='ltr'>et</span> <span class='ocrx_word' id='word_1_120' title='bbox 880 1178 1176 1242; x_wconf 81' lang='lat' dir='ltr'>promissionis</span> <span class='ocrx_word' id='word_1_121' title='bbox 1206 1198 1327 1244; x_wconf 89' lang='lat' dir='ltr'>spem</span> <span class='ocrx_word' id='word_1_122' title='bbox 1362 1201 1451 1230; x_wconf 87' lang='lat' dir='ltr'>non</span> 
     </span>
     <span class='ocr_line' id='line_1_15' title="bbox 68 1249 1451 1306; baseline 0.005 -12"><span class='ocrx_word' id='word_1_123' title='bbox 68 1270 90 1292; x_wconf 85' lang='lat'>»</span> <span class='ocrx_word' id='word_1_124' title='bbox 116 1249 344 1306; x_wconf 81' lang='lat' dir='ltr'>habentes,</span> <span class='ocrx_word' id='word_1_125' title='bbox 375 1261 417 1296; x_wconf 86' lang='lat' dir='ltr'>et</span> <span class='ocrx_word' id='word_1_126' title='bbox 435 1250 524 1296; x_wconf 88' lang='lat' dir='ltr'>sine</span> <span class='ocrx_word' id='word_1_127' title='bbox 546 1251 634 1295; x_wconf 87' lang='lat' dir='ltr'>Deo</span> <span class='ocrx_word' id='word_1_128' title='bbox 655 1249 701 1294; x_wconf 91' lang='lat' dir='ltr'>in</span> <span class='ocrx_word' id='word_1_129' title='bbox 721 1249 808 1294; x_wconf 89' lang='lat' dir='ltr'>hoc</span> <span class='ocrx_word' id='word_1_130' title='bbox 826 1249 993 1295; x_wconf 86' lang='lat' dir='ltr'>mundo</span> <span class='ocrx_word' id='word_1_131' title='bbox 1014 1250 1046 1296; x_wconf 77' lang='lat'>2.</span> <span class='ocrx_word' id='word_1_132' title='bbox 1071 1271 1091 1291; x_wconf 70' lang='lat'>&gt;2</span> <span class='ocrx_word' id='word_1_133' title='bbox 1112 1251 1193 1296; x_wconf 89' lang='lat' dir='ltr'>Per</span> <span class='ocrx_word' id='word_1_134' title='bbox 1206 1252 1304 1298; x_wconf 82' lang='lat' dir='ltr'>haec</span> <span class='ocrx_word' id='word_1_135' title='bbox 1319 1255 1451 1301; x_wconf 86' lang='lat' dir='ltr'>verba</span> 
     </span>
     <span class='ocr_line' id='line_1_16' title="bbox 70 1319 1500 1388; baseline 0.005 -23"><span class='ocrx_word' id='word_1_136' title='bbox 70 1319 309 1366; x_wconf 85' lang='lat' dir='ltr'>ostenditur</span> <span class='ocrx_word' id='word_1_137' title='bbox 328 1320 448 1384; x_wconf 87' lang='lat' dir='ltr'>quod</span> <span class='ocrx_word' id='word_1_138' title='bbox 467 1320 668 1365; x_wconf 89' lang='lat' dir='ltr'>nondum</span> <span class='ocrx_word' id='word_1_139' title='bbox 699 1319 934 1365; x_wconf 79' lang='lat' dir='ltr'>habitabat</span> <span class='ocrx_word' id='word_1_140' title='bbox 958 1319 1156 1383; x_wconf 79' lang='lat' dir='ltr'>Japheth</span> <span class='ocrx_word' id='word_1_141' title='bbox 1177 1322 1222 1367; x_wconf 91' lang='grc'>111</span> <span class='ocrx_word' id='word_1_142' title='bbox 1246 1322 1452 1388; x_wconf 84' lang='lat' dir='ltr'>domibus</span> <span class='ocrx_word' id='word_1_143' title='bbox 1491 1370 1500 1378; x_wconf 82' lang='lat'>,</span> 
     </span>
     <span class='ocr_line' id='line_1_17' title="bbox 71 1390 1444 1455; baseline 0.006 -20"><span class='ocrx_word' id='word_1_144' title='bbox 71 1391 186 1437; x_wconf 83' lang='lat' dir='ltr'>Sem.</span> <span class='ocrx_word' id='word_1_145' title='bbox 211 1391 295 1437; x_wconf 86' lang='lat' dir='ltr'>Sed</span> <span class='ocrx_word' id='word_1_146' title='bbox 308 1391 440 1455; x_wconf 84' lang='lat' dir='ltr'>paulo</span> <span class='ocrx_word' id='word_1_147' title='bbox 458 1390 937 1455; x_wconf 86' lang='lat' dir='ltr'>postquemadmodum</span> <span class='ocrx_word' id='word_1_148' title='bbox 961 1391 1196 1437; x_wconf 87' lang='lat' dir='ltr'>concludat</span> <span class='ocrx_word' id='word_1_149' title='bbox 1221 1394 1444 1444; x_wconf 85' lang='lat' dir='ltr'>advertite.</span> 
     </span>
     <span class='ocr_line' id='line_1_18' title="bbox 73 1461 1452 1526; baseline 0.007 -23"><span class='ocrx_word' id='word_1_150' title='bbox 73 1482 93 1503; x_wconf 83' lang='lat'>›&gt;</span> <span class='ocrx_word' id='word_1_151' title='bbox 117 1461 256 1522; x_wconf 84' lang='lat' dir='ltr'>Igitur</span> <span class='ocrx_word' id='word_1_152' title='bbox 267 1465 360 1522; x_wconf 86' lang='lat' dir='ltr'>jam</span> <span class='ocrx_word' id='word_1_153' title='bbox 381 1499 391 1518; x_wconf 94' lang='lat'>,</span> <span class='ocrx_word' id='word_1_154' title='bbox 418 1462 563 1525; x_wconf 82' lang='lat' dir='ltr'>inquit</span> <span class='ocrx_word' id='word_1_155' title='bbox 582 1499 592 1515; x_wconf 78' lang='lat'>,</span> <span class='ocrx_word' id='word_1_156' title='bbox 614 1479 701 1507; x_wconf 90' lang='lat' dir='ltr'>non</span> <span class='ocrx_word' id='word_1_157' title='bbox 720 1461 817 1507; x_wconf 89' lang='lat' dir='ltr'>estis</span> <span class='ocrx_word' id='word_1_158' title='bbox 835 1462 1050 1525; x_wconf 83' lang='lat' dir='ltr'>peregrini</span> <span class='ocrx_word' id='word_1_159' title='bbox 1070 1472 1111 1507; x_wconf 90' lang='lat' dir='ltr'>et</span> <span class='ocrx_word' id='word_1_160' title='bbox 1125 1462 1327 1526; x_wconf 86' lang='lat' dir='ltr'>inquilini</span> <span class='ocrx_word' id='word_1_161' title='bbox 1341 1504 1351 1521; x_wconf 89' lang='lat'>,</span> <span class='ocrx_word' id='word_1_162' title='bbox 1378 1467 1452 1512; x_wconf 88' lang='lat' dir='ltr'>sed</span> 
     </span>
     <span class='ocr_line' id='line_1_19' title="bbox 75 1532 1448 1598; baseline 0.007 -24"><span class='ocrx_word' id='word_1_163' title='bbox 75 1553 94 1573; x_wconf 78' lang='lat'>›&gt;</span> <span class='ocrx_word' id='word_1_164' title='bbox 121 1532 219 1577; x_wconf 89' lang='lat' dir='ltr'>estis</span> <span class='ocrx_word' id='word_1_165' title='bbox 233 1533 346 1578; x_wconf 89' lang='lat' dir='ltr'>cives</span> <span class='ocrx_word' id='word_1_166' title='bbox 363 1543 612 1578; x_wconf 85' lang='lat' dir='ltr'>sanctorum</span> <span class='ocrx_word' id='word_1_167' title='bbox 634 1571 644 1589; x_wconf 82' lang='lat'>,</span> <span class='ocrx_word' id='word_1_168' title='bbox 679 1544 720 1578; x_wconf 90' lang='lat' dir='ltr'>et</span> <span class='ocrx_word' id='word_1_169' title='bbox 739 1532 965 1578; x_wconf 84' lang='lat' dir='ltr'>domestici</span> <span class='ocrx_word' id='word_1_170' title='bbox 993 1533 1086 1589; x_wconf 80' lang='lat' dir='ltr'>Dei,</span> <span class='ocrx_word' id='word_1_171' title='bbox 1112 1537 1448 1598; x_wconf 58' lang='lat' dir='ltr'>superaedificati</span> 
     </span>
     <span class='ocr_line' id='line_1_20' title="bbox 74 1602 1448 1668; baseline 0.005 -21"><span class='ocrx_word' id='word_1_172' title='bbox 74 1623 95 1644; x_wconf 76' lang='lat' dir='ltr'>n</span> <span class='ocrx_word' id='word_1_173' title='bbox 118 1619 248 1666; x_wconf 86' lang='lat' dir='ltr'>super</span> <span class='ocrx_word' id='word_1_174' title='bbox 282 1602 614 1648; x_wconf 85' lang='lat' dir='ltr'>fundamentum</span> <span class='ocrx_word' id='word_1_175' title='bbox 660 1602 968 1666; x_wconf 82' lang='lat' dir='ltr'>Apostolorum</span> <span class='ocrx_word' id='word_1_176' title='bbox 1013 1613 1057 1648; x_wconf 89' lang='lat' dir='ltr'>et</span> <span class='ocrx_word' id='word_1_177' title='bbox 1101 1604 1448 1668; x_wconf 80' lang='lat' dir='ltr'>Prophetarum,</span> 
     </span>
     <span class='ocr_line' id='line_1_21' title="bbox 74 1673 1451 1738; baseline 0.003 -22"><span class='ocrx_word' id='word_1_178' title='bbox 74 1694 95 1716; x_wconf 87' lang='lat'>»</span> <span class='ocrx_word' id='word_1_179' title='bbox 117 1673 213 1736; x_wconf 86' lang='lat' dir='ltr'>ipso</span> <span class='ocrx_word' id='word_1_180' title='bbox 236 1690 404 1719; x_wconf 89' lang='lat' dir='ltr'>summo</span> <span class='ocrx_word' id='word_1_181' title='bbox 434 1674 629 1734; x_wconf 82' lang='lat' dir='ltr'>angulari</span> <span class='ocrx_word' id='word_1_182' title='bbox 651 1673 797 1738; x_wconf 86' lang='lat' dir='ltr'>lapide</span> <span class='ocrx_word' id='word_1_183' title='bbox 830 1674 1031 1719; x_wconf 77' lang='lat' dir='ltr'>existente</span> <span class='ocrx_word' id='word_1_184' title='bbox 1057 1674 1234 1721; x_wconf 87' lang='lat' dir='ltr'>Christo</span> <span class='ocrx_word' id='word_1_185' title='bbox 1257 1678 1360 1724; x_wconf 68' lang='grc' dir='ltr'>ι10511</span> <span class='ocrx_word' id='word_1_186' title='bbox 1379 1679 1410 1726; x_wconf 76' lang='lat'>3.</span> <span class='ocrx_word' id='word_1_187' title='bbox 1432 1701 1451 1721; x_wconf 86' lang='grc'><em>»</em></span> 
     </span>
     <span class='ocr_line' id='line_1_22' title="bbox 77 1743 1447 1807; baseline 0.006 -19"><span class='ocrx_word' id='word_1_188' title='bbox 77 1744 190 1789; x_wconf 84' lang='grc' dir='ltr'>1Ξο00</span> <span class='ocrx_word' id='word_1_189' title='bbox 208 1743 429 1807; x_wconf 85' lang='lat' dir='ltr'>quomodo</span> <span class='ocrx_word' id='word_1_190' title='bbox 447 1744 655 1790; x_wconf 84' lang='lat' dir='ltr'>dilatatur</span> <span class='ocrx_word' id='word_1_191' title='bbox 670 1744 890 1807; x_wconf 86' lang='lat' dir='ltr'>Japheth,</span> <span class='ocrx_word' id='word_1_192' title='bbox 912 1754 953 1789; x_wconf 92' lang='lat' dir='ltr'>et</span> <span class='ocrx_word' id='word_1_193' title='bbox 980 1743 1215 1791; x_wconf 83' lang='lat' dir='ltr'>habitatin</span> <span class='ocrx_word' id='word_1_194' title='bbox 1241 1747 1447 1797; x_wconf 86' lang='lat' dir='ltr'>domibus</span> 
     </span>
     <span class='ocr_line' id='line_1_23' title="bbox 79 1814 1456 1879; baseline 0.007 -21"><span class='ocrx_word' id='word_1_195' title='bbox 79 1814 192 1860; x_wconf 87' lang='lat' dir='ltr'>Sem.</span> <span class='ocrx_word' id='word_1_196' title='bbox 224 1815 280 1859; x_wconf 88' lang='lat' dir='ltr'>Et</span> <span class='ocrx_word' id='word_1_197' title='bbox 303 1824 442 1861; x_wconf 85' lang='lat' dir='ltr'>tamen</span> <span class='ocrx_word' id='word_1_198' title='bbox 462 1815 681 1879; x_wconf 85' lang='lat' dir='ltr'>Epistolas</span> <span class='ocrx_word' id='word_1_199' title='bbox 700 1814 1026 1878; x_wconf 80' lang='lat' dir='ltr'>Apostolorum,</span> <span class='ocrx_word' id='word_1_200' title='bbox 1054 1816 1215 1878; x_wconf 86' lang='lat' dir='ltr'>quibus</span> <span class='ocrx_word' id='word_1_201' title='bbox 1235 1818 1333 1865; x_wconf 79' lang='lat' dir='ltr'>haec</span> <span class='ocrx_word' id='word_1_202' title='bbox 1357 1838 1456 1867; x_wconf 84' lang='lat' dir='ltr'>orn-</span> 
     </span>
     <span class='ocr_line' id='line_1_24' title="bbox 78 1885 1449 1955; baseline 0.005 -25"><span class='ocrx_word' id='word_1_203' title='bbox 78 1885 149 1930; x_wconf 91' lang='lat' dir='ltr'>nia</span> <span class='ocrx_word' id='word_1_204' title='bbox 159 1896 473 1942; x_wconf 85' lang='lat' dir='ltr'>contestantur,</span> <span class='ocrx_word' id='word_1_205' title='bbox 492 1887 658 1939; x_wconf 83' lang='lat' dir='ltr'>tenetis,</span> <span class='ocrx_word' id='word_1_206' title='bbox 675 1886 831 1945; x_wconf 81' lang='lat' dir='ltr'>legitis,</span> <span class='ocrx_word' id='word_1_207' title='bbox 851 1885 1113 1949; x_wconf 61' lang='lat' dir='ltr'>praedicatis,</span> <span class='ocrx_word' id='word_1_208' title='bbox 1140 1888 1225 1934; x_wconf 85' lang='lat' dir='ltr'>Ubi</span> <span class='ocrx_word' id='word_1_209' title='bbox 1241 1900 1281 1934; x_wconf 87' lang='lat' dir='ltr'>et</span> <span class='ocrx_word' id='word_1_210' title='bbox 1298 1892 1449 1955; x_wconf 86' lang='lat' dir='ltr'>vosip-</span> 
     </span>
     <span class='ocr_line' id='line_1_25' title="bbox 82 1956 1453 2020; baseline 0.006 -19"><span class='ocrx_word' id='word_1_211' title='bbox 82 1972 148 2001; x_wconf 90' lang='lat' dir='ltr'>sos</span> <span class='ocrx_word' id='word_1_212' title='bbox 159 1956 478 2020; x_wconf 83' lang='lat' dir='ltr'>deputaverim,</span> <span class='ocrx_word' id='word_1_213' title='bbox 506 1958 586 2002; x_wconf 89' lang='lat' dir='ltr'>nisi</span> <span class='ocrx_word' id='word_1_214' title='bbox 607 1958 652 2002; x_wconf 91' lang='lat' dir='ltr'>in</span> <span class='ocrx_word' id='word_1_215' title='bbox 671 1956 743 2002; x_wconf 90' lang='lat' dir='ltr'>illa</span> <span class='ocrx_word' id='word_1_216' title='bbox 762 1956 990 2003; x_wconf 87' lang='lat' dir='ltr'>maledicta</span> <span class='ocrx_word' id='word_1_217' title='bbox 1006 1957 1251 2016; x_wconf 79' lang='lat' dir='ltr'>medietate,</span> <span class='ocrx_word' id='word_1_218' title='bbox 1276 1962 1346 2007; x_wconf 89' lang='lat' dir='ltr'>cui</span> <span class='ocrx_word' id='word_1_219' title='bbox 1366 1980 1453 2009; x_wconf 90' lang='lat' dir='ltr'>non</span> 
     </span>
     <span class='ocr_line' id='line_1_26' title="bbox 81 2027 1453 2094; baseline 0.006 -22"><span class='ocrx_word' id='word_1_220' title='bbox 81 2038 145 2072; x_wconf 90' lang='lat' dir='ltr'>est</span> <span class='ocrx_word' id='word_1_221' title='bbox 160 2027 271 2090; x_wconf 87' lang='lat' dir='ltr'>lapis</span> <span class='ocrx_word' id='word_1_222' title='bbox 295 2027 512 2087; x_wconf 83' lang='lat' dir='ltr'>angularis</span> <span class='ocrx_word' id='word_1_223' title='bbox 535 2027 767 2074; x_wconf 66' lang='lat' dir='ltr'>Christus?</span> <span class='ocrx_word' id='word_1_224' title='bbox 798 2028 911 2084; x_wconf 85' lang='lat' dir='ltr'>Quia</span> <span class='ocrx_word' id='word_1_225' title='bbox 932 2045 1009 2074; x_wconf 87' lang='lat' dir='ltr'>nec</span> <span class='ocrx_word' id='word_1_226' title='bbox 1026 2028 1071 2073; x_wconf 92' lang='lat' dir='ltr'>in</span> <span class='ocrx_word' id='word_1_227' title='bbox 1094 2028 1169 2075; x_wconf 89' lang='lat' dir='ltr'>illo</span> <span class='ocrx_word' id='word_1_228' title='bbox 1190 2032 1352 2094; x_wconf 85' lang='lat' dir='ltr'>pariete</span> <span class='ocrx_word' id='word_1_229' title='bbox 1378 2051 1453 2081; x_wconf 85' lang='lat' dir='ltr'>Vos</span> 
     </span>
     <span class='ocr_line' id='line_1_27' title="bbox 83 2098 1454 2161; baseline 0.005 -18"><span class='ocrx_word' id='word_1_230' title='bbox 83 2098 373 2157; x_wconf 81' lang='lat' dir='ltr'>agnoscimus,</span> <span class='ocrx_word' id='word_1_231' title='bbox 399 2098 475 2161; x_wconf 87' lang='lat' dir='ltr'>qui</span> <span class='ocrx_word' id='word_1_232' title='bbox 499 2116 547 2144; x_wconf 83' lang='lat' dir='ltr'>ex</span> <span class='ocrx_word' id='word_1_233' title='bbox 575 2098 905 2144; x_wconf 80' lang='lat' dir='ltr'>circumcisione</span> <span class='ocrx_word' id='word_1_234' title='bbox 929 2099 1174 2146; x_wconf 90' lang='lat' dir='ltr'>crediditin</span> <span class='ocrx_word' id='word_1_235' title='bbox 1200 2103 1425 2150; x_wconf 84' lang='lat' dir='ltr'>Christum</span> <span class='ocrx_word' id='word_1_236' title='bbox 1443 2142 1454 2161; x_wconf 86' lang='lat'>,</span> 
     </span>
     <span class='ocr_line' id='line_1_28' title="bbox 85 2168 1454 2239; baseline 0.005 -25"><span class='ocrx_word' id='word_1_237' title='bbox 85 2168 200 2215; x_wconf 90' lang='lat' dir='ltr'>unde</span> <span class='ocrx_word' id='word_1_238' title='bbox 215 2180 338 2215; x_wconf 87' lang='lat' dir='ltr'>erant</span> <span class='ocrx_word' id='word_1_239' title='bbox 356 2179 399 2215; x_wconf 88' lang='lat' dir='ltr'>et</span> <span class='ocrx_word' id='word_1_240' title='bbox 422 2169 646 2232; x_wconf 81' lang='lat' dir='ltr'>Apostoli3</span> <span class='ocrx_word' id='word_1_241' title='bbox 679 2187 757 2215; x_wconf 89' lang='lat' dir='ltr'>nec</span> <span class='ocrx_word' id='word_1_242' title='bbox 776 2170 820 2215; x_wconf 90' lang='lat' dir='ltr'>in</span> <span class='ocrx_word' id='word_1_243' title='bbox 836 2170 917 2215; x_wconf 87' lang='lat' dir='ltr'>isto</span> <span class='ocrx_word' id='word_1_244' title='bbox 942 2170 1018 2233; x_wconf 86' lang='lat' dir='ltr'>qui</span> <span class='ocrx_word' id='word_1_245' title='bbox 1050 2181 1110 2216; x_wconf 90' lang='lat' dir='ltr'>est</span> <span class='ocrx_word' id='word_1_246' title='bbox 1130 2189 1176 2218; x_wconf 86' lang='lat' dir='ltr'>ex</span> <span class='ocrx_word' id='word_1_247' title='bbox 1199 2176 1418 2239; x_wconf 82' lang='lat' dir='ltr'>praeputio</span> <span class='ocrx_word' id='word_1_248' title='bbox 1444 2214 1454 2233; x_wconf 86' lang='lat'>,</span> 
     </span>
     <span class='ocr_line' id='line_1_29' title="bbox 86 2239 1461 2292; baseline 0.004 -6"><span class='ocrx_word' id='word_1_249' title='bbox 86 2239 202 2286; x_wconf 83' lang='lat' dir='ltr'>unde</span> <span class='ocrx_word' id='word_1_250' title='bbox 218 2251 318 2285; x_wconf 88' lang='lat' dir='ltr'>sunt</span> <span class='ocrx_word' id='word_1_251' title='bbox 337 2257 483 2286; x_wconf 91' lang='lat' dir='ltr'>omnes</span> <span class='ocrx_word' id='word_1_252' title='bbox 504 2257 550 2286; x_wconf 87' lang='lat' dir='ltr'>ex</span> <span class='ocrx_word' id='word_1_253' title='bbox 566 2240 733 2286; x_wconf 77' lang='lat' dir='ltr'>caeteris</span> <span class='ocrx_word' id='word_1_254' title='bbox 752 2241 966 2286; x_wconf 86' lang='lat' dir='ltr'>Gentibus</span> <span class='ocrx_word' id='word_1_255' title='bbox 983 2241 1028 2286; x_wconf 92' lang='lat' dir='ltr'>in</span> <span class='ocrx_word' id='word_1_256' title='bbox 1038 2242 1232 2289; x_wconf 87' lang='lat' dir='ltr'>eamdem</span> <span class='ocrx_word' id='word_1_257' title='bbox 1254 2247 1461 2292; x_wconf 87' lang='lat' dir='ltr'>unitatem</span> 
     </span>
     <span class='ocr_line' id='line_1_30' title="bbox 87 2310 1465 2375; baseline 0.005 -19"><span class='ocrx_word' id='word_1_258' title='bbox 87 2310 206 2366; x_wconf 79' lang='lat' dir='ltr'>fidei,</span> <span class='ocrx_word' id='word_1_259' title='bbox 226 2321 435 2375; x_wconf 83' lang='lat' dir='ltr'>tanquam</span> <span class='ocrx_word' id='word_1_260' title='bbox 451 2312 494 2356; x_wconf 91' lang='lat' dir='ltr'>in</span> <span class='ocrx_word' id='word_1_261' title='bbox 509 2328 661 2375; x_wconf 85' lang='lat' dir='ltr'>pacem</span> <span class='ocrx_word' id='word_1_262' title='bbox 682 2311 827 2371; x_wconf 79' lang='lat' dir='ltr'>anguli</span> <span class='ocrx_word' id='word_1_263' title='bbox 847 2324 1165 2362; x_wconf 70' lang='lat' dir='ltr'>concurrentes</span> <span class='ocrx_word' id='word_1_264' title='bbox 1199 2315 1282 2361; x_wconf 87' lang='lat' dir='ltr'>Sed</span> <span class='ocrx_word' id='word_1_265' title='bbox 1301 2328 1342 2362; x_wconf 89' lang='lat' dir='ltr'>et</span> <span class='ocrx_word' id='word_1_266' title='bbox 1368 2335 1465 2363; x_wconf 93' lang='lat' dir='ltr'>om-</span> 
     </span>
     <span class='ocr_line' id='line_1_31' title="bbox 88 2381 1461 2448; baseline 0.006 -22"><span class='ocrx_word' id='word_1_267' title='bbox 88 2398 162 2426; x_wconf 88' lang='lat' dir='ltr'>nes</span> <span class='ocrx_word' id='word_1_268' title='bbox 186 2381 262 2444; x_wconf 86' lang='lat' dir='ltr'>qui</span> <span class='ocrx_word' id='word_1_269' title='bbox 279 2381 497 2444; x_wconf 88' lang='lat' dir='ltr'>quoslibet</span> <span class='ocrx_word' id='word_1_270' title='bbox 514 2381 649 2426; x_wconf 85' lang='lat' dir='ltr'>nostri</span> <span class='ocrx_word' id='word_1_271' title='bbox 664 2382 839 2427; x_wconf 86' lang='lat' dir='ltr'>canonis</span> <span class='ocrx_word' id='word_1_272' title='bbox 856 2382 992 2428; x_wconf 88' lang='lat' dir='ltr'>libros</span> <span class='ocrx_word' id='word_1_273' title='bbox 1007 2384 1231 2447; x_wconf 88' lang='lat' dir='ltr'>accipiunt</span> <span class='ocrx_word' id='word_1_274' title='bbox 1243 2398 1282 2432; x_wconf 90' lang='lat' dir='ltr'>et</span> <span class='ocrx_word' id='word_1_275' title='bbox 1297 2388 1461 2448; x_wconf 84' lang='lat' dir='ltr'>legunt,</span> 
     </span>
     <span class='ocr_line' id='line_1_32' title="bbox 93 2451 1461 2517; baseline 0.007 -20"><span class='ocrx_word' id='word_1_276' title='bbox 93 2451 385 2498; x_wconf 81' lang='lat' dir='ltr'>ubiChristus</span> <span class='ocrx_word' id='word_1_277' title='bbox 398 2452 636 2499; x_wconf 87' lang='lat' dir='ltr'>mortaliter</span> <span class='ocrx_word' id='word_1_278' title='bbox 654 2463 780 2498; x_wconf 84' lang='lat' dir='ltr'>natus</span> <span class='ocrx_word' id='word_1_279' title='bbox 796 2463 838 2498; x_wconf 90' lang='lat' dir='ltr'>et</span> <span class='ocrx_word' id='word_1_280' title='bbox 858 2470 1008 2517; x_wconf 86' lang='lat' dir='ltr'>passus</span> <span class='ocrx_word' id='word_1_281' title='bbox 1025 2455 1282 2515; x_wconf 78' lang='lat' dir='ltr'>ostenditur,</span> <span class='ocrx_word' id='word_1_282' title='bbox 1305 2476 1383 2506; x_wconf 90' lang='lat' dir='ltr'>nec</span> <span class='ocrx_word' id='word_1_283' title='bbox 1398 2470 1461 2505; x_wconf 87' lang='lat' dir='ltr'>ta-</span> 
     </span>
     <span class='ocr_line' id='line_1_33' title="bbox 92 2522 1469 2589; baseline 0.006 -20"><span class='ocrx_word' id='word_1_284' title='bbox 92 2540 193 2569; x_wconf 89' lang='lat' dir='ltr'>men</span> <span class='ocrx_word' id='word_1_285' title='bbox 203 2522 399 2570; x_wconf 86' lang='lat' dir='ltr'>eamdem</span> <span class='ocrx_word' id='word_1_286' title='bbox 417 2524 726 2571; x_wconf 86' lang='lat' dir='ltr'>mortalitatem</span> <span class='ocrx_word' id='word_1_287' title='bbox 736 2524 782 2570; x_wconf 90' lang='lat' dir='ltr'>in</span> <span class='ocrx_word' id='word_1_288' title='bbox 791 2525 988 2589; x_wconf 84' lang='lat' dir='ltr'>passione</span> <span class='ocrx_word' id='word_1_289' title='bbox 999 2525 1209 2574; x_wconf 85' lang='lat' dir='ltr'>nudatam</span> <span class='ocrx_word' id='word_1_290' title='bbox 1223 2531 1469 2577; x_wconf 89' lang='lat' dir='ltr'>consociato</span> 
     </span>
     <span class='ocr_line' id='line_1_34' title="bbox 142 2608 991 2656; baseline 0.006 -15"><span class='ocrx_word' id='word_1_291' title='bbox 142 2608 153 2632; x_wconf 89' lang='lat'><strong>¹</strong></span> <span class='ocrx_word' id='word_1_292' title='bbox 169 2611 251 2644; x_wconf 86' lang='lat' dir='ltr'>Gen.</span> <span class='ocrx_word' id='word_1_293' title='bbox 265 2621 314 2655; x_wconf 84' lang='lat' dir='ltr'>1x‚</span> <span class='ocrx_word' id='word_1_294' title='bbox 335 2621 389 2651; x_wconf 85' lang='lat'>27.</span> <span class='ocrx_word' id='word_1_295' title='bbox 402 2628 444 2636; x_wconf 92' lang='lat'>--</span> <span class='ocrx_word' id='word_1_296' title='bbox 456 2609 600 2656; x_wconf 80' lang='lat' dir='ltr'>2Ephes.</span> <span class='ocrx_word' id='word_1_297' title='bbox 615 2623 656 2650; x_wconf 84' lang='lat'>11,</span> <span class='ocrx_word' id='word_1_298' title='bbox 676 2622 731 2647; x_wconf 79' lang='lat'>12.</span> <span class='ocrx_word' id='word_1_299' title='bbox 745 2630 789 2636; x_wconf 95' lang='lat'>—</span> <span class='ocrx_word' id='word_1_300' title='bbox 809 2609 922 2646; x_wconf 81' lang='lat' dir='ltr'>31bid.</span> <span class='ocrx_word' id='word_1_301' title='bbox 939 2623 991 2654; x_wconf 87' lang='lat'>19.</span> 
     </span>
    </p>
   </div>
  </div>
 </body>
</html>
