1795 3253
291 292 465 325 CONTRA
500 290 701 323 rausruu
738 288 1044 330 immensam,
1083 289 1170 320 mn.
1220 289 1290 322 ιιι.
1399 276 1493 332 245

115 359 365 413 maluisses;
397 368 446 404 ut
470 358 618 404 saltem
641 366 823 421 propter
856 354 1022 419 ipsam,
1053 372 1153 419 quae
1190 356 1313 421 quasi
1350 357 1494 421 prima

115 431 256 478 fronte
274 430 464 477 occurrit
482 467 494 486 ,
525 429 838 494 apertissimam
868 427 1199 491 repugnantiam
1215 465 1226 484 ‚
1252 429 1460 489 cogitares
1478 466 1490 487 ‚

114 501 197 548 nisi
222 499 388 565 aliquid
410 500 501 546 illic
523 516 726 560 magnum
746 498 898 544 lateret
917 535 928 554 ,
951 497 1127 543 difficile
1152 498 1245 543 fieri
1263 500 1456 561 potuisse
1479 537 1490 557 ,

116 583 165 619 ut
184 582 303 619 tanta
324 571 382 617 eis
400 571 634 618 auctoritas
656 570 703 616 in
722 580 934 615 terrarum
959 570 1064 614 orbe
1091 569 1380 632 praeberetur,
1407 587 1496 635 qua

114 643 197 689 sihi
232 653 298 688 tot
329 641 563 688 hominum
603 639 954 687 doctissimorum
985 639 1157 699 ingenia
1191 639 1490 699 subjugarent.

112 712 234 770 Quid
247 712 362 758 enim
380 729 588 773 magnum
607 721 668 757 est
685 709 830 757 videre
847 709 967 774 quod
986 709 1155 756 vidistis
1168 746 1178 765 ‚
1204 709 1307 755 alios
1327 710 1495 758 Christi

113 782 354 830 secundum
375 800 547 829 carnem
567 791 922 846 progeneratores
947 780 1279 826 commemorari
1306 798 1329 826 a
1354 782 1492 839 Luca,

114 853 218 900 alios
252 872 276 899 a
302 853 542 910 Matthaeo‚
579 870 679 899 cum
704 852 834 898 ambo
854 851 1022 915 Joseph
1047 851 1314 897 constituant
1333 890 1344 908 ,
1376 853 1497 898 Mat-

113 925 257 972 thaeus
269 924 323 971 ad
338 941 468 988 quem
487 925 705 981 terminet,
726 926 867 971 Lucas
881 941 904 970 a
923 940 1012 989 quo
1035 922 1249 987 incipiat:
1240 923 1344 986 .qui
1361 941 1498 988 prop-

114 1007 178 1043 ter
192 995 428 1074 quoddam
453 1012 556 1042 cum
583 999 674 1056 ejus
699 1006 837 1041 matre
861 1005 1060 1041 sanctum
1085 1005 1126 1040 et
1149 993 1357 1055 virginale
1383 1011 1496 1041 con-

108 1067 308 1131 jugium,
340 1066 470 1112 etiam
493 1066 586 1131 ipse
618 1083 774 1129 parens
802 1064 968 1111 Christi
989 1064 1149 1111 meruit
1172 1064 1417 1143 appellari3
1449 1075 1500 1112 ut

111 1147 294 1203 propter
316 1136 486 1183 virilem
509 1136 784 1197 dignitatem,
802 1136 887 1182 ab
876 1154 991 1200 lpso‚
1012 1136 1079 1183 vel
1095 1153 1229 1200 usque
1256 1135 1341 1182 ad
1330 1153 1493 1200 lpsum,

113 1208 405 1270 generationes
429 1210 788 1261 contexerentur?
805 1207 926 1265 Quid
950 1225 1050 1268 ergo
1069 1224 1274 1267 magnum
1295 1218 1356 1253 est
1375 1207 1497 1272 quod

111 1278 303 1336 vidistis,
335 1278 457 1342 quod
490 1278 624 1324 alium
660 1288 831 1342 patrem
862 1278 1023 1324 haheat
1047 1278 1214 1342 Joseph
1252 1278 1495 1324 secundum

113 1350 402 1404 Matthaeum‚
437 1349 573 1396 alium
606 1349 847 1395 secundum
871 1351 1068 1403 Lucam3
1110 1360 1153 1395 et
1188 1349 1320 1395 alium
1362 1365 1495 1396 avum

111 1421 353 1468 seeundum
375 1421 506 1467 istum
526 1458 537 1477 ‚
565 1420 700 1467 alium
722 1421 964 1467 secundum
1001 1421 1126 1467 illum
1149 1459 1160 1478 ,
1205 1432 1247 1467 et
1288 1421 1496 1484 deinceps

112 1509 284 1540 sursum
302 1509 448 1539 versus
473 1509 609 1556 usque
634 1491 689 1538 ad
711 1492 855 1538 David
875 1530 886 1549 ,
913 1510 993 1557 per
1017 1503 1106 1539 tam
1136 1492 1295 1538 multas
1316 1509 1497 1552 genera-

112 1563 249 1609 tiones
270 1563 375 1609 alios
400 1574 598 1627 parentes
617 1566 707 1623 ejus
733 1564 789 1609 ab
812 1564 913 1620 isto,
935 1563 1041 1610 alios
1057 1562 1205 1609 abillo
1229 1562 1495 1608 enumerari?

112 1636 261 1681 Ita-ne
274 1645 364 1680 tam
380 1645 576 1699 apertam
594 1634 951 1700 manifestamque
966 1635 1255 1681 diversitatem
1266 1671 1276 1690 ,
1300 1645 1366 1679 tot
1380 1634 1496 1680 acuti

110 1719 152 1754 et
176 1708 296 1754 docti
318 1708 428 1766 viri,
452 1708 702 1755 divinarum
723 1709 1052 1772 Scripturarum
1072 1719 1405 1772 pertractatores
1421 1707 1495 1753 di-

109 1779 379 1840 ligentissimi
400 1817 411 1837 ,
439 1797 528 1826 non
552 1780 787 1826 viderent?
816 1781 892 1845 qui
921 1780 1100 1844 quidem
1121 1782 1166 1826 in
1190 1780 1325 1826 latina
1344 1779 1495 1839 lingua

109 1852 321 1915 perpauci
343 1862 444 1897 sunt
463 1871 474 1905 ;
501 1869 571 1897 eos
588 1862 732 1898 autem
758 1852 802 1897 in
828 1869 970 1913 graeca
991 1852 1088 1916 quis
1108 1853 1337 1898 numeret?
1358 1850 1496 1897 Vide-

109 1932 213 1968 runt
229 1939 322 1968 eam
342 1922 484 1986 plane.
517 1922 637 1980 Quid
664 1923 780 1968 enim
803 1922 973 1969 facilius
990 1961 1000 1979 ‚
1032 1934 1107 1969 aut
1133 1923 1232 1986 quis
1260 1921 1495 1986 paululum

108 1991 281 2038 intuens
297 2029 308 2049 ,
335 1993 414 2039 ista
433 2009 523 2039 non
544 1992 686 2039 videat
703 1996 721 2038 Ρ
743 1992 828 2039 Sed
846 1993 917 2056 pie
932 1994 1170 2054 cogitantes
1190 2003 1325 2039 tantae
1343 2002 1494 2037 aucto-

108 2064 248 2110 ritatis
270 2063 546 2110 eminentiam
565 2100 577 2120 ‚
607 2063 737 2109 latere
763 2063 827 2110 ibi
856 2063 1023 2128 aliquid
1048 2064 1352 2120 crediderunt,
1372 2062 1493 2127 quod

107 2134 357 2198 petentibus
388 2134 583 2191 daretur,
611 2134 933 2181 oblatrantibus
958 2147 1214 2196 negaretur;
1238 2153 1260 2181 a
1285 2151 1492 2198 quaeren-

107 2205 226 2252 tibus
243 2205 512 2253 inveniretur
530 2243 541 2260 ‚
563 2205 988 2270 reprehendentibus
1012 2208 1364 2263 subtraheretur,
1395 2205 1495 2270 pul-

107 2277 302 2323 santibus
323 2278 580 2341 aperiretur,
605 2279 968 2342 oppugnantibus
981 2278 1284 2327 clauderetur1
1307 2298 1318 2333 ;
1353 2277 1496 2342 petie-

107 2358 235 2405 runt,
259 2349 545 2413 quaesierunt,
566 2350 880 2413 pulsaverunt3
901 2362 1181 2415 acceperunt,
1203 2351 1463 2397 invenerunt
1481 2385 1492 2403 ‚

106 2428 398 2466 lntraverunt.

172 2488 256 2534 ΙΙΙ.
279 2488 446 2553 Nempe
473 2499 559 2536 tota
582 2490 627 2535 in
651 2490 737 2537 hoc
753 2492 936 2556 quaestio
951 2503 1012 2538 est
1030 2530 1040 2550 ,
1061 2490 1284 2556 quomodo
1301 2488 1495 2553 potuerit

107 2556 218 2603 duos
238 2567 381 2621 patres
399 2559 562 2605 habere
578 2561 602 2605 J
607 2561 758 2625 oseph.
785 2562 882 2609 Hoc
901 2563 1016 2609 enim
1031 2562 1064 2609 si
1082 2561 1272 2627 potuisse
1300 2558 1392 2606 fieri
1418 2558 1490 2604 de-

155 2640 165 2662 ¹
187 2639 306 2671 Matth.
323 2651 385 2680 vn,
403 2653 434 2681 7,
