1795 3253
340 259 424 323 196
740 266 775 296 s.
819 264 1063 295 Auensrim
1101 262 1301 294 Erlscori

331 356 432 386 vero
457 338 585 382 Pater
604 333 649 378 in
673 348 748 377 sua
774 329 903 376 laude
924 330 1195 394 purcipuus,
1217 329 1514 389 magnitudine
1538 331 1710 377 incom-

333 404 656 473 prehensibilis,
685 402 890 466 copulata
922 402 1056 447 babet
1086 401 1167 445 sibi
1194 401 1320 446 beata
1346 412 1387 447 et
1416 403 1601 462 gloriosa
1627 420 1711 449 sae-

334 479 451 533 cula,
480 492 618 540 neque
647 490 844 529 numero,
879 489 1017 535 neque
1041 470 1283 534 prolixitate
1311 473 1582 529 aestimanda,
1610 491 1712 519 cum

335 550 496 614 quibus
517 548 631 593 idem
653 555 826 590 sanctus
846 557 973 606 atque
991 542 1164 587 illustris
1185 543 1315 587 Pater
1333 553 1374 587 et
1391 544 1558 603 genitor
1579 544 1712 604 degit,

333 621 454 668 nullo
478 621 521 664 in
546 617 685 677 regnis
716 619 806 675 ejus
834 614 1074 674 insignibus
1099 623 1174 658 aut
1196 613 1413 673 indigente
1439 625 1514 660 aut
1543 616 1717 660 infirmo

333 691 582 738 constituto.
608 690 673 733 lta
689 697 833 732 autem
848 686 1028 731 fundata
1043 695 1141 730 sunt
1159 684 1350 744 ejusdem
1368 686 1717 749 splendidissima

341 781 466 823 regna
483 778 612 823 supra
630 758 821 804 lucidam
838 768 879 802 et
897 757 1067 802 beatam
1086 767 1258 812 terram,
1276 766 1325 802 ut
1343 775 1363 802 a
1384 757 1504 802 nullo
1522 774 1716 820 unquam

339 845 411 880 aut
435 831 598 878 moveri
625 841 699 875 aut
724 828 900 875 concuti
923 829 1102 890 possint.
1129 848 1149 868 ))

402 904 546 949 XVII.
590 902 697 946 Haec
726 900 835 945 mibi
864 899 978 945 unde
1002 898 1268 961 probaturus
1300 909 1379 954 est,
1416 909 1490 943 aut
1510 899 1608 944 haec
1628 899 1719 962 ipse

338 975 452 1022 unde
472 972 704 1033 cognovit?
726 970 824 1015 Noli
840 988 905 1015 me
926 981 1083 1015 terrere
1100 968 1313 1014 Paracleti
1332 969 1520 1016 nomine.
1548 970 1715 1026 Primo,

338 1047 441 1112 quia
466 1062 554 1091 non
579 1042 751 1089 eredere
770 1041 1008 1100 incognita,
1033 1040 1106 1085 sed
1127 1051 1243 1086 certa
1266 1058 1522 1100 cognoscere
1543 1042 1717 1096 accessi,

342 1137 364 1163 a
383 1116 510 1162 vobis
532 1115 636 1177 ipsis
656 1113 797 1158 sactus
819 1111 1023 1157 timidior.
1045 1111 1130 1156 vos
1150 1111 1264 1156 enim
1288 1113 1436 1168 nostis,
1461 1123 1614 1157 temere
1632 1128 1723 1157 cre-

340 1186 548 1233 dentibus
575 1201 706 1248 quam
731 1183 1010 1229 vehementer
1037 1182 1241 1227 insultare
1269 1182 1723 1246 soleatis:praeserti1n

341 1274 444 1303 cum
468 1257 576 1319 ipse,
599 1255 673 1317 qui
691 1258 782 1313 jam
810 1253 950 1315 coepit
976 1253 1141 1298 incerta
1164 1270 1355 1309 narrare,
1377 1254 1552 1316 plenam
1579 1270 1627 1299 ac
1652 1254 1725 1299 fir-

337 1344 453 1374 mam
475 1326 699 1372 scientiam
723 1323 858 1386 paulo
883 1333 980 1368 ante
1006 1323 1266 1386 promiserit.
1302 1324 1485 1378 Deinde,
1517 1324 1726 1387 quoniam

342 1399 377 1444 si
400 1397 510 1443 mihi
534 1395 641 1441 fides
664 1392 919 1458 imperanda
940 1404 1018 1449 est,
1047 1394 1182 1453 magis
1203 1410 1270 1438 me
1288 1404 1450 1440 teneret
1473 1394 1545 1439 illa
1571 1395 1663 1440 Scri
1669 1411 1727 1457 p-

342 1480 459 1515 tura.
489 1467 567 1512 ubi
595 1466 708 1526 lego,
736 1465 899 1511 venisse
931 1464 1156 1527 Scriptum
1185 1474 1402 1519 sanctum,
1432 1476 1472 1510 et
1499 1465 1728 1529 Apostolos

343 1539 591 1602 inspirasse,
625 1536 787 1600 quibus
820 1553 918 1581 eum
945 1536 1161 1581 Dominus
1185 1552 1226 1580 se
1251 1536 1485 1581 missurum
1512 1553 1597 1582 esse
1620 1553 1729 1600 pro-

343 1607 561 1656 miserat1,
590 1630 609 1648 »
631 1610 914 1670 Quapropter
934 1616 1008 1651 aut
1022 1623 1068 1651 ea
1086 1622 1185 1668 quae
1200 1605 1325 1662 dicit,
1341 1607 1483 1670 proba
1502 1607 1613 1652 mihi
1629 1624 1730 1653 vera

344 1697 451 1735 esse,
475 1689 525 1724 ut
547 1677 746 1723 ostendas
763 1693 863 1740 qnae
887 1693 976 1721 non
999 1692 1177 1739 possum
1199 1676 1401 1730 credere;
1427 1688 1501 1721 aut
1529 1695 1626 1723 eum
1654 1677 1732 1740 qui

348 1751 474 1805 dicit,
495 1749 635 1813 proba
654 1747 764 1792 mihi
784 1746 999 1809 Spiritum
1021 1757 1219 1791 sanctum
1241 1764 1345 1797 esse,
1368 1758 1417 1792 ut
1438 1747 1610 1793 credam
1632 1764 1731 1811 quae

346 1839 438 1868 non
457 1830 582 1884 potes
599 1817 836 1864 ostendere.
866 1817 956 1876 Ego
980 1833 1168 1879 namque
1187 1817 1453 1862 catholicam
1478 1817 1605 1863 sidem
1626 1835 1732 1881 pro-

347 1895 489 1947 fiteor,
516 1901 557 1936 et
579 1907 657 1952 per
680 1887 800 1933 illam
824 1904 892 1933 me
918 1887 972 1933 ad
993 1897 1155 1933 certam
1179 1887 1401 1933 seientiam
1421 1899 1733 1951 perventurum

348 1980 435 2009 esse
457 1977 678 2026 praesumo
696 1977 706 2004 z
724 1970 772 2005 tu
798 1975 917 2014 vere,
949 1958 1025 2021 qui
1050 1958 1182 2003 fidem
1204 1976 1343 2004 meam
1367 1958 1628 2005 labefactare
1653 1976 1734 2005 co-

348 2034 485 2089 naris,
521 2042 684 2077 certam
712 2030 939 2076 scientiam
964 2028 1103 2085 trade,
1133 2030 1166 2075 si
1194 2041 1340 2093 potes;
1362 2041 1410 2075 ut
1427 2030 1471 2075 id
1490 2032 1610 2094 quod
1636 2049 1734 2078 cre-

352 2104 464 2159 didi,
487 2113 647 2148 temere
660 2117 728 2146 me
744 2099 976 2146 credidisse
994 2099 1243 2147 convincas,
1267 2101 1366 2146 Duo
1387 2111 1487 2147 sunt
1506 2119 1605 2166 quae
1623 2102 1736 2148 mihi

351 2174 545 2240 profers:
561 2188 718 2227 unum,
745 2187 847 2216 eum
873 2169 981 2215 dicis
1001 2170 1217 2233 Spiritum
1238 2182 1435 2216 sanetum
1460 2188 1546 2218 esse
1566 2174 1643 2236 qui
1665 2173 1735 2218 lo-

355 2246 505 2310 quitur
521 2262 532 2296 ;
555 2252 597 2287 et
614 2241 816 2295 alterum,
835 2258 935 2286 eum
951 2241 1059 2286 dicis
1074 2240 1298 2288 manifesta
1309 2259 1394 2287 esse
1404 2260 1504 2306 quae
1520 2243 1728 2306 loquitur.

355 2318 603 2376 Utrumque
622 2312 698 2357 abs
715 2322 756 2357 te
776 2311 864 2357 sine
887 2311 975 2357 ulla
996 2311 1269 2358 dubitatione
1288 2330 1544 2373 cognoscere
1563 2313 1697 2361 debui
1721 2332 1733 2360 ε

354 2387 428 2434 sed
453 2402 540 2432 non
565 2399 661 2428 sum
688 2399 864 2436 avarus;
894 2399 1033 2429 unum
1060 2384 1220 2430 horum
1245 2385 1365 2431 doce.
1394 2384 1586 2430 Ostende
1614 2385 1736 2431 hunc

355 2475 442 2505 esse
472 2454 686 2519 Spiritum
715 2464 932 2510 sanctum,
966 2466 1008 2500 et
1035 2455 1209 2501 credam
1236 2471 1337 2503 vera
1363 2473 1448 2501 esse
1477 2473 1577 2519 quae
1609 2456 1736 2514 dicit,

353 2527 520 2576 etiamsi
544 2524 732 2571 nesciam
754 2543 764 2570 ε
786 2536 859 2571 aut
878 2526 1054 2572 ostende
1076 2543 1177 2574 Vera
1196 2544 1282 2574 esse
1299 2543 1400 2591 quae
1423 2527 1549 2586 dicit,
1575 2538 1617 2575 et
1641 2545 1738 2574 cre-

403 2614 412 2635 Ι
434 2615 506 2644 Act.
522 2620 559 2650 11,
578 2621 607 2650 1,
624 2615 654 2641 et
667 2611 764 2644 Joan.
785 2621 855 2652 xxv,
880 2612 918 2640 16
945 2616 975 2642 et
995 2612 1048 2642 26.
