<?xml version="1.0" encoding="UTF-8"?>
<!DOCTYPE html PUBLIC "-//W3C//DTD XHTML 1.0 Transitional//EN"
    "http://www.w3.org/TR/xhtml1/DTD/xhtml1-transitional.dtd">
<html xmlns="http://www.w3.org/1999/xhtml" xml:lang="en" lang="en">
 <head>
  <title>
</title>
<meta http-equiv="Content-Type" content="text/html;charset=utf-8" />
  <meta name='ocr-system' content='tesseract 3.04.00' />
  <meta name='ocr-capabilities' content='ocr_page ocr_carea ocr_par ocr_line ocrx_word'/>
</head>
<body>
  <div class='ocr_page' id='page_1' title='image "./operaomniaaccura28auguuoft/operaomniaaccura28auguuoft_0466.png"; bbox 0 0 1795 3253; ppageno 0'>
   <div class='ocr_carea' id='block_1_1' title="bbox 275 249 1256 304">
    <p class='ocr_par' dir='ltr' id='par_1_1' title="bbox 275 249 1256 304">
     <span class='ocr_line' id='line_1_1' title="bbox 275 249 1256 304; baseline -0.001 -11"><span class='ocrx_word' id='word_1_1' title='bbox 275 249 366 304; x_wconf 61' lang='lat'>,²456</span> <span class='ocrx_word' id='word_1_2' title='bbox 696 264 728 292; x_wconf 76' lang='lat' dir='ltr'>s,</span> <span class='ocrx_word' id='word_1_3' title='bbox 776 262 1014 293; x_wconf 55' lang='lat' dir='ltr'>aeccsrmi</span> <span class='ocrx_word' id='word_1_4' title='bbox 1055 261 1256 292; x_wconf 70' lang='lat' dir='ltr'>tiplscor‘l</span> 
     </span>
    </p>
   </div>
   <div class='ocr_carea' id='block_1_2' title="bbox 270 327 1781 2596">
    <p class='ocr_par' dir='ltr' id='par_1_2' title="bbox 270 327 1781 1864">
     <span class='ocr_line' id='line_1_2' title="bbox 274 327 1651 392; baseline -0.001 -16"><span class='ocrx_word' id='word_1_5' title='bbox 274 329 407 376; x_wconf 82' lang='lat' dir='ltr'>menti</span> <span class='ocrx_word' id='word_1_6' title='bbox 434 328 656 392; x_wconf 66' lang='lat' dir='ltr'>utriusque</span> <span class='ocrx_word' id='word_1_7' title='bbox 675 328 920 374; x_wconf 73' lang='lat' dir='ltr'>doctrinam</span> <span class='ocrx_word' id='word_1_8' title='bbox 941 327 1001 372; x_wconf 86' lang='lat' dir='ltr'>ibi</span> <span class='ocrx_word' id='word_1_9' title='bbox 1022 328 1268 387; x_wconf 76' lang='lat' dir='ltr'>figuratam,</span> <span class='ocrx_word' id='word_1_10' title='bbox 1295 327 1372 374; x_wconf 88' lang='lat' dir='ltr'>hie</span> <span class='ocrx_word' id='word_1_11' title='bbox 1392 328 1651 380; x_wconf 77' lang='lat' dir='ltr'>revelatam3</span> 
     </span>
     <span class='ocr_line' id='line_1_3' title="bbox 270 398 1760 463; baseline -0.001 -17"><span class='ocrx_word' id='word_1_12' title='bbox 270 401 329 446; x_wconf 84' lang='lat' dir='ltr'>ibi</span> <span class='ocrx_word' id='word_1_13' title='bbox 351 399 681 463; x_wconf 77' lang='lat' dir='ltr'>prophetatam.</span> <span class='ocrx_word' id='word_1_14' title='bbox 707 400 780 445; x_wconf 88' lang='lat' dir='ltr'>hic</span> <span class='ocrx_word' id='word_1_15' title='bbox 804 409 1123 463; x_wconf 67' lang='lat' dir='ltr'>przesentatam.</span> <span class='ocrx_word' id='word_1_16' title='bbox 1154 399 1389 455; x_wconf 78' lang='lat' dir='ltr'>Quomodo</span> <span class='ocrx_word' id='word_1_17' title='bbox 1420 417 1519 459; x_wconf 75' lang='lat' dir='ltr'>ergo</span> <span class='ocrx_word' id='word_1_18' title='bbox 1543 398 1654 445; x_wconf 83' lang='lat' dir='ltr'>nihil</span> <span class='ocrx_word' id='word_1_19' title='bbox 1757 433 1760 453; x_wconf 41' lang='grc' dir='ltr'>ι</span> 
     </span>
     <span class='ocr_line' id='line_1_4' title="bbox 275 441 1781 534; baseline -0.003 -18"><span class='ocrx_word' id='word_1_20' title='bbox 275 488 423 516; x_wconf 87' lang='lat' dir='ltr'>eorum</span> <span class='ocrx_word' id='word_1_21' title='bbox 450 471 703 516; x_wconf 66' lang='lat' dir='ltr'>catholicos</span> <span class='ocrx_word' id='word_1_22' title='bbox 735 487 902 516; x_wconf 76' lang='lat' dir='ltr'>servare</span> <span class='ocrx_word' id='word_1_23' title='bbox 920 479 1103 533; x_wconf 74' lang='lat' dir='ltr'>putant,</span> <span class='ocrx_word' id='word_1_24' title='bbox 1131 486 1233 533; x_wconf 81' lang='lat' dir='ltr'>quae</span> <span class='ocrx_word' id='word_1_25' title='bbox 1258 470 1427 533; x_wconf 77' lang='lat' dir='ltr'>Moyses</span> <span class='ocrx_word' id='word_1_26' title='bbox 1456 470 1654 534; x_wconf 79' lang='lat' dir='ltr'>scripsit3</span> <span class='ocrx_word' id='word_1_27' title='bbox 1760 441 1781 511; x_wconf 64' lang='lat' dir='ltr'>tl</span> 
     </span>
     <span class='ocr_line' id='line_1_5' title="bbox 276 539 1658 605; baseline -0.001 -18"><span class='ocrx_word' id='word_1_28' title='bbox 276 558 377 587; x_wconf 88' lang='lat' dir='ltr'>cum</span> <span class='ocrx_word' id='word_1_29' title='bbox 399 541 544 587; x_wconf 71' lang='lat' dir='ltr'>omniu</span> <span class='ocrx_word' id='word_1_30' title='bbox 569 558 745 605; x_wconf 82' lang='lat' dir='ltr'>prorsus</span> <span class='ocrx_word' id='word_1_31' title='bbox 777 541 1007 587; x_wconf 76' lang='lat' dir='ltr'>observent</span> <span class='ocrx_word' id='word_1_32' title='bbox 1031 558 1041 585; x_wconf 71' lang='grc' dir='ltr'><strong>ε</strong></span> <span class='ocrx_word' id='word_1_33' title='bbox 1071 543 1257 600; x_wconf 75' lang='lat' dir='ltr'>nonjam</span> <span class='ocrx_word' id='word_1_34' title='bbox 1285 541 1327 586; x_wconf 90' lang='lat' dir='ltr'>in</span> <span class='ocrx_word' id='word_1_35' title='bbox 1363 541 1511 600; x_wconf 80' lang='lat' dir='ltr'>liguris</span> <span class='ocrx_word' id='word_1_36' title='bbox 1529 578 1540 596; x_wconf 79' lang='lat'><em>‚</em></span> <span class='ocrx_word' id='word_1_37' title='bbox 1583 539 1658 586; x_wconf 75' lang='lat' dir='ltr'>sed</span> 
     </span>
     <span class='ocr_line' id='line_1_6' title="bbox 274 611 1655 676; baseline -0.001 -18"><span class='ocrx_word' id='word_1_38' title='bbox 274 613 318 658; x_wconf 90' lang='lat' dir='ltr'>in</span> <span class='ocrx_word' id='word_1_39' title='bbox 331 612 389 658; x_wconf 87' lang='lat' dir='ltr'>eis</span> <span class='ocrx_word' id='word_1_40' title='bbox 404 612 530 658; x_wconf 88' lang='lat' dir='ltr'>rebus</span> <span class='ocrx_word' id='word_1_41' title='bbox 542 650 553 667; x_wconf 77' lang='lat'>,</span> <span class='ocrx_word' id='word_1_42' title='bbox 570 630 677 676; x_wconf 79' lang='lat' dir='ltr'>quas</span> <span class='ocrx_word' id='word_1_43' title='bbox 695 612 782 658; x_wconf 87' lang='lat' dir='ltr'>illae</span> <span class='ocrx_word' id='word_1_44' title='bbox 797 613 948 673; x_wconf 83' lang='lat' dir='ltr'>figurae</span> <span class='ocrx_word' id='word_1_45' title='bbox 965 611 1253 671; x_wconf 81' lang='lat' dir='ltr'>significando</span> <span class='ocrx_word' id='word_1_46' title='bbox 1274 612 1655 675; x_wconf 70' lang='lat' dir='ltr'>praenuntiarunt?</span> 
     </span>
     <span class='ocr_line' id='line_1_7' title="bbox 275 681 1654 747; baseline 0 -19"><span class='ocrx_word' id='word_1_47' title='bbox 275 683 425 746; x_wconf 85' lang='lat' dir='ltr'>Neque</span> <span class='ocrx_word' id='word_1_48' title='bbox 435 683 568 732; x_wconf 85' lang='lat' dir='ltr'>enim.</span> <span class='ocrx_word' id='word_1_49' title='bbox 586 684 619 729; x_wconf 90' lang='lat' dir='ltr'>si</span> <span class='ocrx_word' id='word_1_50' title='bbox 640 683 758 728; x_wconf 79' lang='lat' dir='ltr'>aliud</span> <span class='ocrx_word' id='word_1_51' title='bbox 770 694 851 729; x_wconf 86' lang='lat' dir='ltr'>tem</span> <span class='ocrx_word' id='word_1_52' title='bbox 861 700 940 747; x_wconf 81' lang='lat' dir='ltr'>pus</span> <span class='ocrx_word' id='word_1_53' title='bbox 955 692 1060 728; x_wconf 83' lang='lat' dir='ltr'>esset</span> <span class='ocrx_word' id='word_1_54' title='bbox 1073 682 1314 735; x_wconf 77' lang='lat' dir='ltr'>scribendi,</span> <span class='ocrx_word' id='word_1_55' title='bbox 1331 681 1449 728; x_wconf 80' lang='lat' dir='ltr'>aliud</span> <span class='ocrx_word' id='word_1_56' title='bbox 1467 681 1654 743; x_wconf 79' lang='lat' dir='ltr'>tegendi,</span> 
     </span>
     <span class='ocr_line' id='line_1_8' title="bbox 276 753 1659 819; baseline 0 -20"><span class='ocrx_word' id='word_1_57' title='bbox 276 765 390 800; x_wconf 87' lang='lat' dir='ltr'>recte</span> <span class='ocrx_word' id='word_1_58' title='bbox 419 753 660 800; x_wconf 79' lang='lat' dir='ltr'>diceremus</span> <span class='ocrx_word' id='word_1_59' title='bbox 702 755 976 819; x_wconf 61' lang='lat' dir='ltr'>§cripturam</span> <span class='ocrx_word' id='word_1_60' title='bbox 1007 753 1126 799; x_wconf 74' lang='lat' dir='ltr'>illam</span> <span class='ocrx_word' id='word_1_61' title='bbox 1154 770 1243 799; x_wconf 90' lang='lat' dir='ltr'>non</span> <span class='ocrx_word' id='word_1_62' title='bbox 1267 754 1496 799; x_wconf 81' lang='lat' dir='ltr'>observare</span> <span class='ocrx_word' id='word_1_63' title='bbox 1520 754 1659 799; x_wconf 88' lang='lat' dir='ltr'>lecto-</span> 
     </span>
     <span class='ocr_line' id='line_1_9' title="bbox 277 823 1659 889; baseline -0.001 -19"><span class='ocrx_word' id='word_1_64' title='bbox 277 842 387 879; x_wconf 79' lang='lat' dir='ltr'>rem,</span> <span class='ocrx_word' id='word_1_65' title='bbox 412 826 514 888; x_wconf 81' lang='lat' dir='ltr'>quia</span> <span class='ocrx_word' id='word_1_66' title='bbox 537 836 579 870; x_wconf 92' lang='lat' dir='ltr'>et</span> <span class='ocrx_word' id='word_1_67' title='bbox 605 826 696 889; x_wconf 81' lang='lat' dir='ltr'>ipse</span> <span class='ocrx_word' id='word_1_68' title='bbox 720 826 993 871; x_wconf 73' lang='lat' dir='ltr'>characteres</span> <span class='ocrx_word' id='word_1_69' title='bbox 1017 824 1113 870; x_wconf 89' lang='lat' dir='ltr'>illos</span> <span class='ocrx_word' id='word_1_70' title='bbox 1140 841 1225 870; x_wconf 86' lang='lat' dir='ltr'>non</span> <span class='ocrx_word' id='word_1_71' title='bbox 1250 825 1409 871; x_wconf 74' lang='lat' dir='ltr'>faceret</span> <span class='ocrx_word' id='word_1_72' title='bbox 1433 842 1444 870; x_wconf 72' lang='grc' dir='ltr'><strong>ι</strong></span> <span class='ocrx_word' id='word_1_73' title='bbox 1474 841 1574 870; x_wconf 91' lang='lat' dir='ltr'>cum</span> <span class='ocrx_word' id='word_1_74' title='bbox 1597 823 1659 870; x_wconf 92' lang='lat' dir='ltr'>illi</span> 
     </span>
     <span class='ocr_line' id='line_1_10' title="bbox 276 895 1662 960; baseline -0.001 -18"><span class='ocrx_word' id='word_1_75' title='bbox 276 895 624 957; x_wconf 83' lang='lat' dir='ltr'>fuissentfigurae</span> <span class='ocrx_word' id='word_1_76' title='bbox 656 914 880 949; x_wconf 78' lang='lat' dir='ltr'>sonorum,</span> <span class='ocrx_word' id='word_1_77' title='bbox 908 897 978 942; x_wconf 81' lang='lat' dir='ltr'>ille</span> <span class='ocrx_word' id='word_1_78' title='bbox 1017 907 1158 942; x_wconf 83' lang='lat' dir='ltr'>autem</span> <span class='ocrx_word' id='word_1_79' title='bbox 1197 901 1286 957; x_wconf 81' lang='lat' dir='ltr'>jam</span> <span class='ocrx_word' id='word_1_80' title='bbox 1313 913 1438 942; x_wconf 88' lang='lat' dir='ltr'>sonos</span> <span class='ocrx_word' id='word_1_81' title='bbox 1462 897 1574 960; x_wconf 79' lang='lat' dir='ltr'>ipsos</span> <span class='ocrx_word' id='word_1_82' title='bbox 1587 912 1662 942; x_wconf 85' lang='lat' dir='ltr'>ex-</span> 
     </span>
     <span class='ocr_line' id='line_1_11' title="bbox 279 969 1666 1032; baseline -0.001 -18"><span class='ocrx_word' id='word_1_83' title='bbox 279 980 516 1032; x_wconf 77' lang='lat' dir='ltr'>promeret.</span> <span class='ocrx_word' id='word_1_84' title='bbox 544 969 715 1014; x_wconf 82' lang='lat' dir='ltr'>illarum</span> <span class='ocrx_word' id='word_1_85' title='bbox 733 980 875 1015; x_wconf 83' lang='lat' dir='ltr'>tamen</span> <span class='ocrx_word' id='word_1_86' title='bbox 901 970 1137 1029; x_wconf 81' lang='lat' dir='ltr'>figurarum</span> <span class='ocrx_word' id='word_1_87' title='bbox 1155 986 1242 1014; x_wconf 89' lang='lat' dir='ltr'>non</span> <span class='ocrx_word' id='word_1_88' title='bbox 1262 969 1519 1014; x_wconf 74' lang='lat' dir='ltr'>formatione</span> <span class='ocrx_word' id='word_1_89' title='bbox 1537 984 1666 1013; x_wconf 87' lang='lat' dir='ltr'>oceu-</span> 
     </span>
     <span class='ocr_line' id='line_1_12' title="bbox 282 1037 1670 1103; baseline 0.001 -19"><span class='ocrx_word' id='word_1_90' title='bbox 282 1049 438 1102; x_wconf 81' lang='lat' dir='ltr'>patus‚</span> <span class='ocrx_word' id='word_1_91' title='bbox 464 1040 534 1085; x_wconf 84' lang='lat' dir='ltr'>sed</span> <span class='ocrx_word' id='word_1_92' title='bbox 564 1040 830 1103; x_wconf 75' lang='lat' dir='ltr'>inspectione</span> <span class='ocrx_word' id='word_1_93' title='bbox 854 1039 1160 1087; x_wconf 89' lang='lat' dir='ltr'>commonitus.</span> <span class='ocrx_word' id='word_1_94' title='bbox 1205 1040 1306 1084; x_wconf 84' lang='lat' dir='ltr'>ldeo</span> <span class='ocrx_word' id='word_1_95' title='bbox 1342 1049 1484 1084; x_wconf 82' lang='lat' dir='ltr'>autem</span> <span class='ocrx_word' id='word_1_96' title='bbox 1524 1037 1670 1085; x_wconf 81' lang='lat' dir='ltr'>Judaei</span> 
     </span>
     <span class='ocr_line' id='line_1_13' title="bbox 284 1108 1673 1174; baseline 0.001 -21"><span class='ocrx_word' id='word_1_97' title='bbox 284 1108 462 1154; x_wconf 84' lang='lat' dir='ltr'>Christo</span> <span class='ocrx_word' id='word_1_98' title='bbox 481 1127 569 1155; x_wconf 89' lang='lat' dir='ltr'>non</span> <span class='ocrx_word' id='word_1_99' title='bbox 580 1110 952 1174; x_wconf 76' lang='lat' dir='ltr'>credebant,quia</span> <span class='ocrx_word' id='word_1_100' title='bbox 969 1128 1044 1156; x_wconf 90' lang='lat' dir='ltr'>nec</span> <span class='ocrx_word' id='word_1_101' title='bbox 1066 1110 1136 1156; x_wconf 65' lang='lat' dir='ltr'>illa</span> <span class='ocrx_word' id='word_1_102' title='bbox 1152 1127 1252 1174; x_wconf 79' lang='lat' dir='ltr'>quae</span> <span class='ocrx_word' id='word_1_103' title='bbox 1272 1111 1440 1173; x_wconf 73' lang='lat' dir='ltr'>Moyses</span> <span class='ocrx_word' id='word_1_104' title='bbox 1453 1126 1536 1154; x_wconf 89' lang='lat' dir='ltr'>non</span> <span class='ocrx_word' id='word_1_105' title='bbox 1557 1109 1673 1168; x_wconf 80' lang='lat' dir='ltr'>figu-</span> 
     </span>
     <span class='ocr_line' id='line_1_14' title="bbox 285 1179 1671 1245; baseline 0 -21"><span class='ocrx_word' id='word_1_106' title='bbox 285 1190 393 1233; x_wconf 72' lang='lat' dir='ltr'>rate,</span> <span class='ocrx_word' id='word_1_107' title='bbox 415 1180 486 1225; x_wconf 87' lang='lat' dir='ltr'>sed</span> <span class='ocrx_word' id='word_1_108' title='bbox 505 1192 650 1244; x_wconf 83' lang='lat' dir='ltr'>aperte</span> <span class='ocrx_word' id='word_1_109' title='bbox 667 1192 952 1245; x_wconf 67' lang='lat' dir='ltr'>praeceperat,</span> <span class='ocrx_word' id='word_1_110' title='bbox 971 1182 1274 1227; x_wconf 69' lang='lat' dir='ltr'>observabant.</span> <span class='ocrx_word' id='word_1_111' title='bbox 1294 1182 1323 1226; x_wconf 75' lang='lat' dir='ltr'>I&#39;</span> <span class='ocrx_word' id='word_1_112' title='bbox 1334 1180 1417 1226; x_wconf 89' lang='lat' dir='ltr'>nde</span> <span class='ocrx_word' id='word_1_113' title='bbox 1432 1180 1517 1225; x_wconf 82' lang='lat' dir='ltr'>illis</span> <span class='ocrx_word' id='word_1_114' title='bbox 1531 1179 1638 1225; x_wconf 88' lang='lat' dir='ltr'>dicit</span> <span class='ocrx_word' id='word_1_115' title='bbox 1660 1196 1671 1224; x_wconf 72' lang='grc' dir='ltr'><strong>ι</strong></span> 
     </span>
     <span class='ocr_line' id='line_1_15' title="bbox 288 1251 1679 1316; baseline 0 -20"><span class='ocrx_word' id='word_1_116' title='bbox 288 1271 309 1290; x_wconf 78' lang='grc' dir='ltr'><strong><em>α</em></strong></span> <span class='ocrx_word' id='word_1_117' title='bbox 337 1251 572 1296; x_wconf 76' lang='lat' dir='ltr'>Decimatis</span> <span class='ocrx_word' id='word_1_118' title='bbox 597 1252 820 1297; x_wconf 84' lang='lat' dir='ltr'>mentham</span> <span class='ocrx_word' id='word_1_119' title='bbox 843 1263 883 1298; x_wconf 89' lang='lat' dir='ltr'>et</span> <span class='ocrx_word' id='word_1_120' title='bbox 902 1253 1147 1316; x_wconf 69' lang='lat' dir='ltr'>cyminum,</span> <span class='ocrx_word' id='word_1_121' title='bbox 1169 1263 1209 1297; x_wconf 91' lang='lat' dir='ltr'>et</span> <span class='ocrx_word' id='word_1_122' title='bbox 1227 1251 1466 1314; x_wconf 73' lang='lat' dir='ltr'>relinquitis</span> <span class='ocrx_word' id='word_1_123' title='bbox 1481 1251 1679 1310; x_wconf 65' lang='lat' dir='ltr'>graviora</span> 
     </span>
     <span class='ocr_line' id='line_1_16' title="bbox 291 1321 1676 1386; baseline 0.002 -22"><span class='ocrx_word' id='word_1_124' title='bbox 291 1341 312 1363; x_wconf 80' lang='lat'>»</span> <span class='ocrx_word' id='word_1_125' title='bbox 336 1321 483 1381; x_wconf 77' lang='lat' dir='ltr'>Legis,</span> <span class='ocrx_word' id='word_1_126' title='bbox 515 1322 856 1369; x_wconf 79' lang='lat' dir='ltr'>misericordiam</span> <span class='ocrx_word' id='word_1_127' title='bbox 884 1333 925 1369; x_wconf 90' lang='lat' dir='ltr'>et</span> <span class='ocrx_word' id='word_1_128' title='bbox 952 1322 1173 1382; x_wconf 80' lang='lat' dir='ltr'>judicium</span> <span class='ocrx_word' id='word_1_129' title='bbox 1195 1360 1204 1378; x_wconf 72' lang='grc'><em>,</em></span> <span class='ocrx_word' id='word_1_130' title='bbox 1241 1322 1452 1386; x_wconf 71' lang='lat' dir='ltr'>liquantes</span> <span class='ocrx_word' id='word_1_131' title='bbox 1473 1321 1676 1376; x_wconf 82' lang='lat' dir='ltr'>culicem,</span> 
     </span>
     <span class='ocr_line' id='line_1_17' title="bbox 292 1391 1684 1458; baseline 0.002 -22"><span class='ocrx_word' id='word_1_132' title='bbox 292 1413 314 1434; x_wconf 81' lang='lat'>&gt;›</span> <span class='ocrx_word' id='word_1_133' title='bbox 338 1391 551 1438; x_wconf 87' lang='lat' dir='ltr'>camelum</span> <span class='ocrx_word' id='word_1_134' title='bbox 573 1404 716 1439; x_wconf 83' lang='lat' dir='ltr'>autern</span> <span class='ocrx_word' id='word_1_135' title='bbox 741 1394 971 1455; x_wconf 84' lang='lat' dir='ltr'>glutientes</span> <span class='ocrx_word' id='word_1_136' title='bbox 992 1412 1003 1440; x_wconf 91' lang='lat'>:</span> <span class='ocrx_word' id='word_1_137' title='bbox 1026 1394 1123 1441; x_wconf 82' lang='lat' dir='ltr'>haec</span> <span class='ocrx_word' id='word_1_138' title='bbox 1154 1394 1387 1458; x_wconf 79' lang='lat' dir='ltr'>oportebat</span> <span class='ocrx_word' id='word_1_139' title='bbox 1405 1392 1545 1439; x_wconf 67' lang='lat' dir='ltr'>facere</span> <span class='ocrx_word' id='word_1_140' title='bbox 1561 1430 1572 1447; x_wconf 76' lang='grc'>,</span> <span class='ocrx_word' id='word_1_141' title='bbox 1608 1393 1684 1439; x_wconf 83' lang='lat' dir='ltr'>illa</span> 
     </span>
     <span class='ocr_line' id='line_1_18' title="bbox 292 1464 1683 1529; baseline 0.001 -20"><span class='ocrx_word' id='word_1_142' title='bbox 292 1474 476 1510; x_wconf 79' lang='lat' dir='ltr'>»autem</span> <span class='ocrx_word' id='word_1_143' title='bbox 492 1482 578 1510; x_wconf 92' lang='lat' dir='ltr'>non</span> <span class='ocrx_word' id='word_1_144' title='bbox 595 1466 793 1512; x_wconf 83' lang='lat' dir='ltr'>omittere</span> <span class='ocrx_word' id='word_1_145' title='bbox 810 1465 843 1513; x_wconf 79' lang='lat'>1.</span> <span class='ocrx_word' id='word_1_146' title='bbox 866 1488 886 1508; x_wconf 86' lang='lat'>»</span> <span class='ocrx_word' id='word_1_147' title='bbox 912 1465 1037 1512; x_wconf 83' lang='lat' dir='ltr'>Unde</span> <span class='ocrx_word' id='word_1_148' title='bbox 1058 1477 1118 1511; x_wconf 84' lang='lat' dir='ltr'>est.</span> <span class='ocrx_word' id='word_1_149' title='bbox 1133 1477 1174 1511; x_wconf 92' lang='lat' dir='ltr'>et</span> <span class='ocrx_word' id='word_1_150' title='bbox 1190 1465 1318 1521; x_wconf 88' lang='lat' dir='ltr'>illud,</span> <span class='ocrx_word' id='word_1_151' title='bbox 1336 1464 1455 1529; x_wconf 82' lang='lat' dir='ltr'>quod</span> <span class='ocrx_word' id='word_1_152' title='bbox 1478 1465 1683 1511; x_wconf 75' lang='lat' dir='ltr'>traditio-</span> 
     </span>
     <span class='ocr_line' id='line_1_19' title="bbox 296 1535 1684 1600; baseline 0.001 -20"><span class='ocrx_word' id='word_1_153' title='bbox 296 1535 426 1580; x_wconf 91' lang='lat' dir='ltr'>nibus</span> <span class='ocrx_word' id='word_1_154' title='bbox 439 1535 983 1600; x_wconf 83' lang='lat' dir='ltr'>suisdocebantquomodo</span> <span class='ocrx_word' id='word_1_155' title='bbox 994 1537 1289 1583; x_wconf 77' lang='lat' dir='ltr'>infirmaretur</span> <span class='ocrx_word' id='word_1_156' title='bbox 1300 1547 1572 1600; x_wconf 61' lang='lat' dir='ltr'>praeceptum</span> <span class='ocrx_word' id='word_1_157' title='bbox 1591 1535 1684 1587; x_wconf 82' lang='lat' dir='ltr'>tJei,</span> 
     </span>
     <span class='ocr_line' id='line_1_20' title="bbox 296 1605 1688 1672; baseline 0.001 -22"><span class='ocrx_word' id='word_1_158' title='bbox 296 1623 384 1670; x_wconf 83' lang='lat' dir='ltr'>quo</span> <span class='ocrx_word' id='word_1_159' title='bbox 405 1605 562 1652; x_wconf 83' lang='lat' dir='ltr'>deferri</span> <span class='ocrx_word' id='word_1_160' title='bbox 585 1607 794 1654; x_wconf 83' lang='lat' dir='ltr'>honorem</span> <span class='ocrx_word' id='word_1_161' title='bbox 817 1608 1264 1671; x_wconf 74' lang='lat' dir='ltr'>parentibusjusserat</span> <span class='ocrx_word' id='word_1_162' title='bbox 1285 1609 1322 1663; x_wconf 68' lang='lat'>²,</span> <span class='ocrx_word' id='word_1_163' title='bbox 1352 1619 1533 1672; x_wconf 80' lang='lat' dir='ltr'>propter</span> <span class='ocrx_word' id='word_1_164' title='bbox 1555 1623 1688 1670; x_wconf 80' lang='lat' dir='ltr'>quam</span> 
     </span>
     <span class='ocr_line' id='line_1_21' title="bbox 300 1676 1687 1740; baseline 0 -18"><span class='ocrx_word' id='word_1_165' title='bbox 300 1676 550 1739; x_wconf 84' lang='lat' dir='ltr'>superbiam</span> <span class='ocrx_word' id='word_1_166' title='bbox 575 1686 617 1721; x_wconf 82' lang='lat' dir='ltr'>et</span> <span class='ocrx_word' id='word_1_167' title='bbox 636 1676 909 1740; x_wconf 86' lang='lat' dir='ltr'>iniquitatem</span> <span class='ocrx_word' id='word_1_168' title='bbox 940 1679 1146 1723; x_wconf 77' lang='lat' dir='ltr'>excaeeari</span> <span class='ocrx_word' id='word_1_169' title='bbox 1167 1689 1433 1734; x_wconf 81' lang='lat' dir='ltr'>meruerunt,</span> <span class='ocrx_word' id='word_1_170' title='bbox 1461 1690 1510 1724; x_wconf 93' lang='lat' dir='ltr'>ut</span> <span class='ocrx_word' id='word_1_171' title='bbox 1530 1688 1687 1724; x_wconf 84' lang='lat' dir='ltr'>caetera</span> 
     </span>
     <span class='ocr_line' id='line_1_22' title="bbox 304 1746 1687 1813; baseline 0.001 -21"><span class='ocrx_word' id='word_1_172' title='bbox 304 1764 390 1793; x_wconf 90' lang='lat' dir='ltr'>non</span> <span class='ocrx_word' id='word_1_173' title='bbox 408 1746 697 1807; x_wconf 79' lang='lat' dir='ltr'>intelligerent</span> <span class='ocrx_word' id='word_1_174' title='bbox 717 1765 727 1792; x_wconf 92' lang='lat'>:</span> <span class='ocrx_word' id='word_1_175' title='bbox 754 1748 858 1812; x_wconf 80' lang='lat' dir='ltr'>quia</span> <span class='ocrx_word' id='word_1_176' title='bbox 879 1764 926 1793; x_wconf 87' lang='lat' dir='ltr'>ea</span> <span class='ocrx_word' id='word_1_177' title='bbox 947 1764 1048 1811; x_wconf 82' lang='lat' dir='ltr'>quae</span> <span class='ocrx_word' id='word_1_178' title='bbox 1064 1747 1367 1807; x_wconf 79' lang='lat' dir='ltr'>intelligebant</span> <span class='ocrx_word' id='word_1_179' title='bbox 1385 1785 1395 1804; x_wconf 77' lang='grc'>,</span> <span class='ocrx_word' id='word_1_180' title='bbox 1419 1749 1553 1813; x_wconf 87' lang='lat' dir='ltr'>impie</span> <span class='ocrx_word' id='word_1_181' title='bbox 1577 1765 1687 1795; x_wconf 87' lang='lat' dir='ltr'>con-</span> 
     </span>
     <span class='ocr_line' id='line_1_23' title="bbox 305 1818 574 1864; baseline 0.007 -2"><span class='ocrx_word' id='word_1_182' title='bbox 305 1818 574 1864; x_wconf 80' lang='lat' dir='ltr'>temnebant.</span> 
     </span>
    </p>

    <p class='ocr_par' dir='ltr' id='par_1_3' title="bbox 308 1888 1710 2596">
     <span class='ocr_line' id='line_1_24' title="bbox 368 1888 1690 1953; baseline 0.002 -20"><span class='ocrx_word' id='word_1_183' title='bbox 368 1888 579 1935; x_wconf 78' lang='lat' dir='ltr'>XXXIII.</span> <span class='ocrx_word' id='word_1_184' title='bbox 614 1888 816 1935; x_wconf 83' lang='lat' dir='ltr'>Vides-ne</span> <span class='ocrx_word' id='word_1_185' title='bbox 838 1905 972 1953; x_wconf 85' lang='lat' dir='ltr'>quam</span> <span class='ocrx_word' id='word_1_186' title='bbox 997 1890 1079 1935; x_wconf 89' lang='lat' dir='ltr'>tibi</span> <span class='ocrx_word' id='word_1_187' title='bbox 1101 1906 1191 1935; x_wconf 86' lang='lat' dir='ltr'>non</span> <span class='ocrx_word' id='word_1_188' title='bbox 1208 1889 1379 1936; x_wconf 80' lang='lat' dir='ltr'>dicam:</span> <span class='ocrx_word' id='word_1_189' title='bbox 1405 1891 1450 1937; x_wconf 86' lang='lat' dir='ltr'>Si</span> <span class='ocrx_word' id='word_1_190' title='bbox 1468 1890 1690 1937; x_wconf 86' lang='lat' dir='ltr'>Christia-</span> 
     </span>
     <span class='ocr_line' id='line_1_25' title="bbox 308 1958 1697 2025; baseline 0.001 -21"><span class='ocrx_word' id='word_1_191' title='bbox 308 1976 390 2005; x_wconf 86' lang='lat' dir='ltr'>nus</span> <span class='ocrx_word' id='word_1_192' title='bbox 402 1976 462 2015; x_wconf 84' lang='lat' dir='ltr'>es,</span> <span class='ocrx_word' id='word_1_193' title='bbox 480 1958 609 2006; x_wconf 87' lang='lat' dir='ltr'>crede</span> <span class='ocrx_word' id='word_1_194' title='bbox 628 1959 790 2006; x_wconf 89' lang='lat' dir='ltr'>dicenti</span> <span class='ocrx_word' id='word_1_195' title='bbox 807 1960 1002 2017; x_wconf 79' lang='lat' dir='ltr'>Christo,</span> <span class='ocrx_word' id='word_1_196' title='bbox 1019 1961 1122 2025; x_wconf 82' lang='lat' dir='ltr'>quia</span> <span class='ocrx_word' id='word_1_197' title='bbox 1139 1960 1193 2006; x_wconf 88' lang='lat' dir='ltr'>de</span> <span class='ocrx_word' id='word_1_198' title='bbox 1211 1978 1253 2007; x_wconf 87' lang='lat' dir='ltr'>se</span> <span class='ocrx_word' id='word_1_199' title='bbox 1271 1962 1446 2025; x_wconf 86' lang='lat' dir='ltr'>scripsit</span> <span class='ocrx_word' id='word_1_200' title='bbox 1466 1963 1637 2024; x_wconf 80' lang='lat' dir='ltr'>Moyses</span> <span class='ocrx_word' id='word_1_201' title='bbox 1652 1960 1697 2013; x_wconf 76' lang='lat'>3;</span> 
     </span>
     <span class='ocr_line' id='line_1_26' title="bbox 311 2030 1702 2097; baseline 0.001 -22"><span class='ocrx_word' id='word_1_202' title='bbox 311 2030 431 2094; x_wconf 88' lang='lat' dir='ltr'>quod</span> <span class='ocrx_word' id='word_1_203' title='bbox 456 2031 490 2076; x_wconf 76' lang='lat' dir='ltr'>si</span> <span class='ocrx_word' id='word_1_204' title='bbox 511 2048 599 2076; x_wconf 91' lang='lat' dir='ltr'>non</span> <span class='ocrx_word' id='word_1_205' title='bbox 624 2030 780 2087; x_wconf 81' lang='lat' dir='ltr'>credis,</span> <span class='ocrx_word' id='word_1_206' title='bbox 810 2031 1087 2078; x_wconf 86' lang='lat' dir='ltr'>Christianus</span> <span class='ocrx_word' id='word_1_207' title='bbox 1121 2049 1208 2078; x_wconf 91' lang='lat' dir='ltr'>non</span> <span class='ocrx_word' id='word_1_208' title='bbox 1230 2035 1301 2078; x_wconf 76' lang='lat' dir='ltr'>es‘?</span> <span class='ocrx_word' id='word_1_209' title='bbox 1331 2034 1429 2097; x_wconf 86' lang='lat' dir='ltr'>lpse</span> <span class='ocrx_word' id='word_1_210' title='bbox 1447 2033 1616 2097; x_wconf 84' lang='lat' dir='ltr'>quippe</span> <span class='ocrx_word' id='word_1_211' title='bbox 1640 2033 1702 2077; x_wconf 85' lang='lat' dir='ltr'>vi-</span> 
     </span>
     <span class='ocr_line' id='line_1_27' title="bbox 315 2101 1699 2167; baseline 0.001 -20"><span class='ocrx_word' id='word_1_212' title='bbox 315 2101 428 2147; x_wconf 85' lang='lat' dir='ltr'>deris</span> <span class='ocrx_word' id='word_1_213' title='bbox 451 2101 558 2166; x_wconf 89' lang='lat' dir='ltr'>quid</span> <span class='ocrx_word' id='word_1_214' title='bbox 583 2102 636 2148; x_wconf 87' lang='lat' dir='ltr'>de</span> <span class='ocrx_word' id='word_1_215' title='bbox 657 2113 695 2148; x_wconf 84' lang='lat' dir='ltr'>te</span> <span class='ocrx_word' id='word_1_216' title='bbox 722 2103 900 2160; x_wconf 77' lang='lat' dir='ltr'>sentias,</span> <span class='ocrx_word' id='word_1_217' title='bbox 927 2103 1059 2167; x_wconf 87' lang='lat' dir='ltr'>quite</span> <span class='ocrx_word' id='word_1_218' title='bbox 1088 2115 1136 2149; x_wconf 91' lang='lat' dir='ltr'>ut</span> <span class='ocrx_word' id='word_1_219' title='bbox 1163 2103 1381 2150; x_wconf 86' lang='lat' dir='ltr'>Gentilem</span> <span class='ocrx_word' id='word_1_220' title='bbox 1400 2104 1466 2150; x_wconf 76' lang='lat' dir='ltr'>vel</span> <span class='ocrx_word' id='word_1_221' title='bbox 1490 2104 1699 2150; x_wconf 80' lang='lat' dir='ltr'>Judaeum</span> 
     </span>
     <span class='ocr_line' id='line_1_28' title="bbox 315 2172 1701 2239; baseline 0.002 -21"><span class='ocrx_word' id='word_1_222' title='bbox 315 2172 468 2219; x_wconf 86' lang='lat' dir='ltr'>doceri</span> <span class='ocrx_word' id='word_1_223' title='bbox 487 2173 540 2218; x_wconf 84' lang='lat' dir='ltr'>de</span> <span class='ocrx_word' id='word_1_224' title='bbox 560 2173 736 2219; x_wconf 88' lang='lat' dir='ltr'>Christo</span> <span class='ocrx_word' id='word_1_225' title='bbox 762 2175 924 2238; x_wconf 84' lang='lat' dir='ltr'>expetis</span> <span class='ocrx_word' id='word_1_226' title='bbox 946 2192 1054 2236; x_wconf 84' lang='lat' dir='ltr'>:ego</span> <span class='ocrx_word' id='word_1_227' title='bbox 1079 2186 1222 2221; x_wconf 82' lang='lat' dir='ltr'>tamen</span> <span class='ocrx_word' id='word_1_228' title='bbox 1247 2192 1387 2239; x_wconf 80' lang='lat' dir='ltr'>neque.</span> <span class='ocrx_word' id='word_1_229' title='bbox 1419 2176 1506 2221; x_wconf 92' lang='lat' dir='ltr'>hoc</span> <span class='ocrx_word' id='word_1_230' title='bbox 1537 2175 1701 2236; x_wconf 75' lang='lat' dir='ltr'>defugi,</span> 
     </span>
     <span class='ocr_line' id='line_1_29' title="bbox 312 2245 1704 2311; baseline 0.002 -22"><span class='ocrx_word' id='word_1_231' title='bbox 312 2255 355 2289; x_wconf 89' lang='lat' dir='ltr'>et</span> <span class='ocrx_word' id='word_1_232' title='bbox 376 2262 527 2290; x_wconf 88' lang='lat' dir='ltr'>omnes</span> <span class='ocrx_word' id='word_1_233' title='bbox 543 2245 623 2290; x_wconf 86' lang='lat' dir='ltr'>tibi</span> <span class='ocrx_word' id='word_1_234' title='bbox 649 2245 789 2291; x_wconf 81' lang='lat' dir='ltr'>aditus</span> <span class='ocrx_word' id='word_1_235' title='bbox 823 2248 978 2293; x_wconf 87' lang='lat' dir='ltr'>erroris</span> <span class='ocrx_word' id='word_1_236' title='bbox 1005 2258 1219 2311; x_wconf 88' lang='lat' dir='ltr'>quantum</span> <span class='ocrx_word' id='word_1_237' title='bbox 1259 2247 1385 2311; x_wconf 89' lang='lat' dir='ltr'>potui</span> <span class='ocrx_word' id='word_1_238' title='bbox 1420 2247 1570 2294; x_wconf 84' lang='lat' dir='ltr'>clausi.</span> <span class='ocrx_word' id='word_1_239' title='bbox 1614 2247 1704 2293; x_wconf 80' lang='lat' dir='ltr'>Nec</span> 
     </span>
     <span class='ocr_line' id='line_1_30' title="bbox 314 2315 1706 2383; baseline 0.002 -22"><span class='ocrx_word' id='word_1_240' title='bbox 314 2315 434 2361; x_wconf 89' lang='lat' dir='ltr'>illud</span> <span class='ocrx_word' id='word_1_241' title='bbox 457 2315 538 2362; x_wconf 86' lang='lat' dir='ltr'>sivi</span> <span class='ocrx_word' id='word_1_242' title='bbox 560 2326 708 2379; x_wconf 85' lang='lat' dir='ltr'>patere</span> <span class='ocrx_word' id='word_1_243' title='bbox 727 2318 1025 2382; x_wconf 62' lang='lat' dir='ltr'>praecipitium</span> <span class='ocrx_word' id='word_1_244' title='bbox 1047 2356 1057 2374; x_wconf 75' lang='lat'><strong><em>,</em></strong></span> <span class='ocrx_word' id='word_1_245' title='bbox 1080 2336 1164 2383; x_wconf 85' lang='lat' dir='ltr'>qua</span> <span class='ocrx_word' id='word_1_246' title='bbox 1193 2336 1267 2364; x_wconf 68' lang='lat' dir='ltr'>vos</span> <span class='ocrx_word' id='word_1_247' title='bbox 1288 2319 1393 2365; x_wconf 69' lang='lat' dir='ltr'>caeci</span> <span class='ocrx_word' id='word_1_248' title='bbox 1420 2319 1609 2375; x_wconf 79' lang='lat' dir='ltr'>mittitis,</span> <span class='ocrx_word' id='word_1_249' title='bbox 1633 2318 1706 2364; x_wconf 91' lang='lat' dir='ltr'>di-</span> 
     </span>
     <span class='ocr_line' id='line_1_31' title="bbox 319 2385 1708 2450; baseline 0.002 -19"><span class='ocrx_word' id='word_1_250' title='bbox 319 2396 468 2432; x_wconf 79' lang='lat' dir='ltr'>centes</span> <span class='ocrx_word' id='word_1_251' title='bbox 490 2385 596 2432; x_wconf 78' lang='lat' dir='ltr'>falsa</span> <span class='ocrx_word' id='word_1_252' title='bbox 616 2404 703 2433; x_wconf 83' lang='lat' dir='ltr'>esse</span> <span class='ocrx_word' id='word_1_253' title='bbox 734 2388 777 2433; x_wconf 89' lang='lat' dir='ltr'>in</span> <span class='ocrx_word' id='word_1_254' title='bbox 805 2390 1060 2450; x_wconf 40' lang='lat' dir='ltr'>Evangelio:</span> <span class='ocrx_word' id='word_1_255' title='bbox 1101 2389 1240 2436; x_wconf 73' lang='lat' dir='ltr'>sicubi</span> <span class='ocrx_word' id='word_1_256' title='bbox 1277 2400 1416 2436; x_wconf 70' lang='lat' dir='ltr'>vestra</span> <span class='ocrx_word' id='word_1_257' title='bbox 1435 2389 1609 2435; x_wconf 73' lang='lat' dir='ltr'>haeresis</span> <span class='ocrx_word' id='word_1_258' title='bbox 1626 2389 1708 2434; x_wconf 89' lang='lat' dir='ltr'>exi-</span> 
     </span>
     <span class='ocr_line' id='line_1_32' title="bbox 330 2459 1710 2525; baseline 0.002 -23"><span class='ocrx_word' id='word_1_259' title='bbox 330 2469 421 2503; x_wconf 90' lang='lat' dir='ltr'>tum</span> <span class='ocrx_word' id='word_1_260' title='bbox 446 2475 533 2503; x_wconf 82' lang='lat' dir='ltr'>non</span> <span class='ocrx_word' id='word_1_261' title='bbox 556 2459 769 2504; x_wconf 70' lang='lat' dir='ltr'>invenerit</span> <span class='ocrx_word' id='word_1_262' title='bbox 796 2477 806 2504; x_wconf 75' lang='grc' dir='ltr'>ε</span> <span class='ocrx_word' id='word_1_263' title='bbox 835 2471 883 2505; x_wconf 92' lang='lat' dir='ltr'>ut</span> <span class='ocrx_word' id='word_1_264' title='bbox 916 2461 1042 2506; x_wconf 75' lang='lat' dir='ltr'>vobis</span> <span class='ocrx_word' id='word_1_265' title='bbox 1062 2461 1171 2507; x_wconf 91' lang='lat' dir='ltr'>nihil</span> <span class='ocrx_word' id='word_1_266' title='bbox 1201 2471 1436 2508; x_wconf 84' lang='lat' dir='ltr'>remaneat..</span> <span class='ocrx_word' id='word_1_267' title='bbox 1467 2478 1554 2525; x_wconf 89' lang='lat' dir='ltr'>quo</span> <span class='ocrx_word' id='word_1_268' title='bbox 1572 2459 1710 2506; x_wconf 86' lang='lat' dir='ltr'>redire</span> 
     </span>
     <span class='ocr_line' id='line_1_33' title="bbox 326 2529 1710 2596; baseline 0.002 -22"><span class='ocrx_word' id='word_1_269' title='bbox 326 2529 522 2593; x_wconf 82' lang='lat' dir='ltr'>possitis,</span> <span class='ocrx_word' id='word_1_270' title='bbox 546 2529 662 2575; x_wconf 78' lang='lat' dir='ltr'>unde</span> <span class='ocrx_word' id='word_1_271' title='bbox 683 2530 859 2577; x_wconf 78' lang='lat' dir='ltr'>Christo</span> <span class='ocrx_word' id='word_1_272' title='bbox 879 2531 1087 2587; x_wconf 83' lang='lat' dir='ltr'>credatis,</span> <span class='ocrx_word' id='word_1_273' title='bbox 1125 2533 1203 2579; x_wconf 91' lang='lat' dir='ltr'>ubi</span> <span class='ocrx_word' id='word_1_274' title='bbox 1227 2532 1352 2578; x_wconf 87' lang='lat' dir='ltr'>vobis</span> <span class='ocrx_word' id='word_1_275' title='bbox 1380 2532 1477 2578; x_wconf 82' lang='lat' dir='ltr'>haec</span> <span class='ocrx_word' id='word_1_276' title='bbox 1503 2548 1582 2577; x_wconf 81' lang='lat' dir='ltr'>vox</span> <span class='ocrx_word' id='word_1_277' title='bbox 1618 2548 1710 2596; x_wconf 86' lang='lat' dir='ltr'>pes-</span> 
     </span>
    </p>
   </div>
   <div class='ocr_carea' id='block_1_3' title="bbox 370 2612 1308 2658">
    <p class='ocr_par' dir='ltr' id='par_1_4' title="bbox 370 2612 1308 2658">
     <span class='ocr_line' id='line_1_34' title="bbox 370 2612 1308 2658; baseline 0.004 -15"><span class='ocrx_word' id='word_1_278' title='bbox 370 2613 379 2635; x_wconf 89' lang='lat'><strong>¹</strong></span> <span class='ocrx_word' id='word_1_279' title='bbox 400 2612 642 2653; x_wconf 71' lang='lat' dir='ltr'>Matili,xx111‚</span> <span class='ocrx_word' id='word_1_280' title='bbox 664 2614 720 2647; x_wconf 81' lang='lat'>25.</span> <span class='ocrx_word' id='word_1_281' title='bbox 738 2631 783 2637; x_wconf 90' lang='lat'>—</span> <span class='ocrx_word' id='word_1_282' title='bbox 797 2612 878 2647; x_wconf 78' lang='lat' dir='ltr'>21d.</span> <span class='ocrx_word' id='word_1_283' title='bbox 900 2625 952 2653; x_wconf 76' lang='lat' dir='ltr'>xv,</span> <span class='ocrx_word' id='word_1_284' title='bbox 969 2617 1002 2651; x_wconf 84' lang='lat'>6.</span> <span class='ocrx_word' id='word_1_285' title='bbox 1024 2633 1068 2640; x_wconf 92' lang='lat'>—-</span> <span class='ocrx_word' id='word_1_286' title='bbox 1088 2614 1102 2638; x_wconf 79' lang='lat'><strong>³</strong></span> <span class='ocrx_word' id='word_1_287' title='bbox 1119 2618 1213 2650; x_wconf 77' lang='lat' dir='ltr'>Joan.</span> <span class='ocrx_word' id='word_1_288' title='bbox 1228 2626 1260 2658; x_wconf 81' lang='lat' dir='ltr'>v,</span> <span class='ocrx_word' id='word_1_289' title='bbox 1279 2628 1308 2656; x_wconf 80' lang='lat'>7.</span> 
     </span>
    </p>
   </div>
  </div>
 </body>
</html>
