1795 3253
267 253 444 286 CONTRA
477 252 677 285 FAUSTUM
713 251 1015 295 MANICHAEUM9
1052 256 1142 288 ms.
1185 258 1266 291 ΧΠ.
1374 245 1466 291 323

96 321 222 368 Ca'in:
235 319 382 378 «Quid
398 319 679 366 fecisti?»Vox
691 319 911 379 sanguinis
923 318 1068 367 fratris
1086 322 1149 368 tui
1162 323 1320 370 clamat
1331 325 1384 371 ad
1402 343 1470 373 me

94 391 148 438 de
167 402 295 439 terra.
327 391 399 438 Sic
423 392 566 452 arguit
592 391 638 437 in
664 390 902 454 Scripturis
926 387 1084 438 sanctis
1106 410 1186 440 vox
1211 394 1360 442 diviua
1384 398 1470 444 Ju-

94 462 226 510 daeos.
241 463 387 509 Habet
399 463 513 508 enim
530 479 730 523 magnam
743 478 893 507 vocem
914 461 1079 508 Christi
1095 466 1266 525 sanguis
1279 467 1323 512 in
1338 478 1466 527 terra,

95 551 195 580 cum
211 551 260 580 eo
277 544 456 597 accepto
477 534 532 579 ab
549 533 751 579 omnibus
770 533 971 593 gentibus
988 536 1272 598 respondetur
1288 556 1297 583 :
1313 541 1464 587 Amen.

95 605 206 651 Haec
229 615 292 650 est
315 605 431 650 clara
449 622 529 650 vox
549 604 767 664 sanguinis
785 641 795 659 ‚
825 621 954 667 quam
976 606 1147 665 sanguis
1164 607 1254 671 ipse
1271 610 1473 673 exprimit

94 692 142 720 ex
167 692 239 721 ore
257 675 453 721 fidelium
483 675 631 720 eodem
655 674 860 734 sanguine
884 674 1225 738 redemptorum.

160 747 238 793 XI,
281 747 401 792 Dicit
428 747 545 792 Deus
574 746 629 792 ad
662 746 771 791 Cain
801 763 812 792 :
837 766 857 787 α
874 746 928 789 Ε1
952 763 1069 792 nunc
1095 747 1349 796 maledictus
1380 763 1427 798 tu
1451 770 1474 798 a

97 840 117 860 u
140 828 274 874 terra,
298 834 399 881 quae
427 818 599 881 aperuit
618 835 663 863 os
684 834 809 864 suum
830 817 1023 880 excipere
1049 820 1300 878 sanguinem
1331 821 1474 869 fratris

26 946 29 949 Δ
94 911 116 931 »
140 889 206 934 tui
224 888 278 934 de
302 906 436 934 manu
460 900 532 934 tua
554 927 565 946 ‚
600 891 808 952 quoniam
840 888 1089 951 operaberis
1113 899 1270 935 terram
1288 928 1299 947 ‚
1326 903 1367 938 et
1390 910 1478 939 non

96 981 117 1002 »
143 959 320 1019 adjiciet
344 959 552 1005 virtutem
579 977 700 1005 suam
729 958 832 1004 dare
867 957 950 1003 tibi
992 975 1002 1003 t
1040 976 1212 1019 gemens
1235 972 1276 1006 et
1302 972 1483 1010 tremens

95 1048 124 1073 »-
140 1031 223 1076 eris
247 1031 292 1076 in
313 1030 499 1078 terra4.»
518 1031 614 1076 Non
635 1030 742 1075 dixit
765 1048 776 1074 ε
800 1029 1032 1075 Maledicta
1054 1041 1165 1076 terra
1187 1049 1197 1076 :
1219 1033 1292 1078 sed
1308 1071 1318 1090 ‚
1343 1056 1362 1076 α
1379 1037 1477 1081 3113-

95 1122 116 1143 »
134 1101 319 1147 ledictus
342 1113 392 1147 tu
417 1120 441 1147 a
468 1112 581 1147 terra
599 1138 610 1157 ,
632 1118 732 1165 quae
751 1100 920 1163 aperuit
941 1117 987 1146 os
1008 1117 1133 1146 suum
1162 1104 1357 1167 accipere
1380 1123 1480 1152 san—

96 1194 116 1214 »
135 1173 308 1232 guinem
326 1171 472 1218 fratris
494 1172 559 1217 tui
582 1171 635 1216 de
659 1188 791 1216 manu
810 1181 898 1217 tua.
924 1195 941 1212 ι·
988 1171 1246 1219 Maledictus
1270 1186 1332 1220 est
1364 1178 1478 1223 enim

93 1243 287 1308 populus
305 1243 330 1288 J
336 1243 516 1289 uda'icus
532 1242 718 1289 infidelis
732 1261 754 1288 a
770 1253 899 1298 terra,
912 1242 956 1289 id
975 1253 1054 1299 est,
1073 1244 1127 1289 al)
1146 1245 1354 1304 Ecclesia,
1378 1266 1479 1312 quae

96 1315 267 1378 aperuit
285 1332 331 1359 os
355 1331 483 1359 suum
504 1314 549 1359 in
569 1313 835 1359 confessione
857 1324 1140 1377 peccatorum
1166 1317 1362 1381 accipere
1378 1338 1480 1366 san·-

95 1385 267 1446 guinem
283 1384 475 1441 Christi,
499 1385 576 1448 qui
593 1383 713 1429 fusus
729 1384 847 1429 estin
868 1384 1160 1431 remissionem
1174 1400 1476 1450 peccatorum,

96 1456 149 1502 de
173 1473 307 1502 manu
334 1456 627 1520 persecutoris
652 1456 838 1502 nolentis
862 1474 948 1503 esse
972 1456 1054 1502 sub
1086 1459 1221 1517 gratia
1244 1497 1254 1516 ‚
1291 1462 1364 1507 sed
1393 1464 1476 1509 sub

94 1529 235 1588 Lege,
262 1539 311 1573 ut
340 1538 446 1574 esset
476 1528 532 1573 ab
574 1528 769 1573 Ecclesia
802 1527 1083 1580 maledictus,
1113 1529 1158 1575 id
1187 1541 1273 1587 est,
1301 1543 1349 1578 ut
1376 1551 1476 1580 eum

94 1598 350 1658 intelligeret
376 1609 418 1644 et
441 1597 685 1644 ostenderet
728 1598 924 1644 Ecclesia
958 1598 1241 1646 maledictum
1259 1639 1269 1658 ,
1306 1603 1476 1651 dicente

96 1673 306 1736 Apostolo
351 1690 361 1716 ε
397 1672 717 1735 «Quicumque
750 1672 864 1717 enim
896 1689 944 1717 ex
973 1673 1179 1735 operibus
1200 1676 1326 1736 Legis
1350 1690 1473 1735 sunt,

97 1764 118 1786 >2
142 1743 224 1788 sub
249 1743 482 1789 maledicto
518 1753 620 1789 sunt
659 1744 784 1803 Legis
800 1743 834 1788 2.
863 1765 884 1785 ³>
926 1743 1094 1789 Deinde
1136 1762 1236 1791 cum
1265 1747 1437 1795 dixisset
1461 1769 1471 1796 :

96 1836 117 1856 α
140 1813 402 1860 Maledictus
438 1825 485 1860 tu
510 1832 533 1859 a
552 1824 663 1859 terra
682 1850 692 1870 ‚
727 1831 827 1877 quae
861 1814 1032 1877 aperuit
1058 1831 1104 1860 os
1135 1832 1264 1862 >uum
1284 1820 1476 1883 excipere

96 1908 117 1927 ›>
139 1885 392 1945 sanguinem
420 1883 566 1931 fratris
591 1886 655 1930 tui
680 1884 733 1930 de
752 1902 883 1930 manu
903 1895 975 1930 tua
999 1903 1009 1930 ε
1031 1907 1050 1927 ›>
1075 1903 1164 1931 non
1189 1887 1295 1934 dixit
1319 1907 1330 1934 ε
1354 1897 1476 1948 Quo-

94 1956 212 2003 niam
227 1955 477 2020 operaberis
498 1973 594 2001 eam
618 1973 628 2001 ι
652 1955 726 2001 sed
745 1956 804 2000 ait
825 1973 872 2000 2«
896 1955 1113 2012 Quoniam
1128 1959 1375 2020 operaberis
1390 1973 1473 2009 ter-

97 2049 118 2069 »
141 2045 253 2084 ram,
270 2038 311 2074 et
324 2045 411 2073 non
433 2026 609 2087 adjiciet
631 2027 834 2073 virtutem
849 2043 972 2072 suam
992 2027 1094 2073 dare
1110 2029 1371 2078 tibi.»[nde
1385 2052 1473 2081 non

95 2109 157 2145 est
173 2115 341 2144 necesse
361 2098 558 2144 eamdem
586 2109 743 2143 terram
766 2097 1002 2158 intelligere
1026 2101 1197 2162 operari
1214 2101 1325 2148 Cai'n
1343 2141 1353 2160 ‚
1372 2122 1473 2169 quae

96 2169 268 2232 aperuit
285 2185 330 2214 os
351 2169 548 2232 accipere
567 2169 820 2228 sanguinem
843 2168 988 2214 fratris
1013 2169 1066 2214 de
1090 2187 1223 2218 manu
1247 2176 1338 2233 eJ‘us
1361 2193 1370 2220 :
1398 2176 1471 2222 sed

95 2240 192 2286 ideo
216 2238 471 2285 maledictus
490 2239 748 2299 intelligitur
771 2240 827 2285 ab
848 2239 933 2286 hac
953 2251 1066 2286 terra
1081 2278 1092 2298 ‚
1123 2243 1329 2305 quoniam
1361 2264 1471 2310 ope-

95 2321 216 2356 ratur
240 2321 398 2356 terram
415 2348 426 2367 ‚
455 2327 554 2374 quae
575 2327 663 2356 non
688 2310 860 2370 adjiciet
878 2311 1083 2357 virtutem
1113 2329 1233 2358 suam
1256 2313 1359 2361 dare
1382 2318 1468 2377 illi,

95 2381 141 2427 id
161 2393 248 2437 est,
272 2382 368 2428 ideo
391 2381 609 2445 populum
629 2381 653 2425 J
660 2380 887 2427 udaeorum
912 2382 1192 2429 maledictum
1221 2388 1412 2445 agnoscit
1429 2401 1470 2436 et

96 2453 285 2501 ostendit
304 2453 494 2499 Ecclesia
508 2490 519 2509 ‚
548 2452 755 2516 quoniam
782 2453 924 2498 occiso
950 2453 1127 2499 Christo
1147 2455 1295 2501 adhuc
1312 2474 1469 2521 opera-

96 2536 167 2573 tur
189 2537 402 2572 terrenam
425 2524 802 2571 circumcisionem
819 2562 830 2582 ,
861 2535 1076 2572 terrenum
1105 2526 1335 2573 sabbatum
1350 2566 1361 2585 ‚
1382 2541 1470 2577 ter-

145 2613 157 2635 ¹
176 2613 257 2644 Gen.
273 2623 319 2648 xv,
339 2622 390 2643 11.
406 2629 450 2635 —
466 2608 482 2632 ²
495 2610 602 2643 Galat.
623 2620 676 2649 111,
697 2620 747 2640 10.

1264 2679 1338 2713 21.
