1795 3253
10 0 21 261 ἶ
62 216 65 220 ,

95 299 269 332 CONTRA
303 297 571 330 AmMANTUM
604 295 842 328 MANmuAEt
879 297 1095 328 Discwut.
1139 299 1225 330 Lm.
1270 299 1300 329 1.
1376 286 1458 347 107

91 366 225 413 chaeis
244 365 324 412 ista
343 365 526 429 quaestio
544 362 749 410 ventilata
766 362 836 418 sit,
853 379 941 407 non
955 363 1080 409 video
1099 374 1240 410 tamen
1257 364 1364 428 quid
1380 366 1466 411 ha·-

23 483 36 494 ,
89 437 192 483 beat
209 436 316 482 huic
338 435 559 482 sententiae
584 432 851 481 contrarium
877 433 996 497 quod
1016 452 1060 479 ex
1087 435 1320 495 Evangelio
1352 436 1465 482 Adi-

91 517 262 553 mantus
295 506 606 570 opponendum
627 504 824 568 putavit,
847 503 924 549 ubi
951 505 1163 551 Dominus
1180 507 1238 551 ait
1261 524 1270 550 ε
1300 527 1318 547 c<
1343 506 1465 553 §ivis

91 598 113 620 ›>
135 576 350 641 perfectus
373 594 458 623 esse
476 614 488 633 ‚
509 575 647 623 vende
671 575 816 621 omnia
840 591 1130 639 quaecumque
1163 576 1355 639 possides
1372 613 1383 633 ‚
1424 588 1467 623 et

93 668 115 690 ³>
141 648 289 695 divide
311 648 581 712 pauperibus
596 684 607 704 ‚
651 657 692 692 et
717 646 816 692 tolle
840 663 1015 692 crucem
1034 657 1155 693 tuam
1174 684 1186 703 ‚
1218 658 1260 692 et
1293 665 1467 711 sequere

91 741 113 764 »
136 720 250 768 me1.
273 742 293 764 ›>
315 722 401 768 Hic
423 731 713 785 praeterquam
741 719 860 783 quod
891 736 1064 765 crucem
1096 719 1293 766 nominat
1314 756 1325 775 ‚
1351 720 1465 766 nihil

93 790 276 838 attendit
293 808 379 837 esse
399 791 668 837 contrarium
691 790 729 836 ei
749 789 869 853 quod
893 789 1061 835 dictum
1082 801 1144 835 est
1169 808 1180 835 2
1216 789 1465 835 «Maledic-

93 883 114 904 »
139 873 207 908 tus
228 862 366 908 omnis
381 863 457 925 qui
479 863 525 908 in
547 861 664 922 ligno
686 860 941 926 pependerit
970 878 981 905 ε
1010 882 1029 902 »
1048 860 1173 924 quasi
1202 876 1302 907 vero
1332 861 1463 909 talem

92 948 267 978 crucem
284 934 420 996 possit
441 933 625 996 quisque
648 931 792 977 tollere
807 942 848 977 et
870 930 991 995 sequi
1015 931 1268 977 Dominum.
1295 930 1468 976 Sedilla

93 1002 275 1058 tollitur,
303 1019 405 1048 cum
428 1003 647 1066 sequimur
672 1002 908 1047 Dominum
932 1038 942 1057 ‚
965 1000 1019 1046 de
1044 1017 1130 1063 qua
1154 999 1262 1046 dicit
1282 1002 1467 1063 Aposto-

92 1070 160 1117 lus
186 1089 197 1117 :
225 1093 247 1114 c<
264 1072 353 1129 Qui
371 1082 515 1118 autem
536 1072 638 1118 Jesu
668 1072 832 1117 Christi
863 1081 963 1117 sunt
981 1108 993 1127 ‚
1021 1087 1195 1116 carnem
1216 1086 1334 1115 suam
1363 1087 1470 1115 eru-

93 1163 113 1184 >a
133 1142 361 1188 cifixerunt
393 1159 495 1188 cum
519 1142 794 1206 passionibus
825 1152 867 1187 et
890 1140 1254 1204 concupiscentiis
1269 1141 1302 1187 2.
1326 1162 1347 1182 »
1372 1141 1408 1184 T
1413 1139 1469 1186 ali

92 1211 206 1262 enim
226 1229 356 1259 cruce
378 1223 501 1260 vetus
526 1213 661 1259 homo
677 1249 688 1269 ,
724 1213 771 1258 id
794 1222 856 1257 est
877 1250 888 1269 ,
929 1223 1050 1258 vetus
1083 1213 1170 1258 vita
1204 1211 1431 1274 perimitur
1454 1248 1466 1267 ‚

93 1298 225 1345 quam
243 1282 296 1328 de
312 1282 453 1328 Adam
472 1283 693 1338 traximus,
712 1293 760 1328 ut
773 1282 890 1346 quod
903 1282 947 1327 in
965 1282 1039 1327 illo
1055 1282 1138 1327 fuit
1152 1281 1465 1337 voluntarium,

92 1352 139 1398 in
155 1352 281 1398 nobis
302 1354 422 1398 fieret
446 1353 652 1399 naturale.
682 1353 813 1409 Quod
835 1352 1022 1398 ostendit
1042 1353 1276 1416 Apostolus
1293 1352 1466 1398 dicens:

94 1442 115 1464 «
137 1421 316 1468 Fuimus
339 1433 379 1468 et
403 1439 483 1468 nos
501 1421 737 1486 aliquando
761 1433 915 1467 natura
941 1422 1019 1467 filii
1042 1422 1143 1478 irae,
1171 1423 1284 1468 sicut
1309 1433 1350 1467 et
1380 1439 1472 1467 cae—

94 1513 115 1533 »
140 1491 261 1539 teri3.
282 1513 302 1533 n
337 1492 384 1538 Si
408 1510 507 1552 ergo
531 1503 652 1538 vetus
674 1492 762 1538 vita
785 1492 838 1537 de
864 1492 1003 1538 Adam
1020 1529 1030 1547 ,
1074 1492 1187 1537 unde
1221 1502 1263 1537 et
1296 1491 1472 1536 nomine

94 1561 247 1608 veteris
280 1561 470 1607 hominis
502 1571 624 1607 vetus
650 1561 737 1607 vita
761 1562 1055 1620 significatum
1097 1562 1204 1624 quid
1232 1561 1470 1606 absurdum

94 1631 230 1676 hahet
248 1668 260 1687 ,
290 1630 410 1694 quod
434 1632 479 1676 in
500 1641 685 1677 veterem
706 1631 929 1676 hominem
950 1630 1228 1676 maledictum
1249 1631 1472 1693 prolatum

95 1712 179 1758 est,
207 1719 338 1765 quem
361 1702 575 1747 Dominus
592 1702 817 1765 suspendit
836 1702 1043 1761 inligno'?
1066 1702 1181 1758 Quia
1197 1720 1243 1746 ex
1260 1703 1352 1765 ipsa
1378 1718 1474 1746 suc-

96 1772 281 1818 cessione
304 1772 613 1818 mortalitatem
635 1773 816 1832 gestavit
835 1809 845 1827 ,
875 1771 927 1817 de
950 1771 1126 1831 Virgine
1150 1773 1289 1817 Maria
1305 1783 1467 1817 morta-

95 1844 192 1889 liter
210 1854 335 1889 natus
354 1880 364 1899 ,
391 1844 559 1889 habens
583 1861 757 1889 carnem
774 1862 863 1888 non
886 1844 1177 1906 peccatricem
1195 1881 1205 1897 ,
1229 1842 1302 1888 sed
1328 1853 1472 1888 tamen

95 1913 422 1960 similitudinem
442 1925 657 1974 gerentem
675 1913 902 1977 peccatil⁸3
924 1914 1027 1977 quia
1053 1914 1160 1958 mori
1185 1924 1354 1977 poterat
1378 1950 1388 1969 ,
1432 1924 1475 1958 et

96 2001 210 2029 mors
237 1983 290 2028 de
313 1994 494 2046 peceato
513 1983 725 2030 est.Unde
744 1983 873 2028 etiam
889 1993 950 2028 est
968 1982 1077 2028 illud
1096 2001 1106 2027 :
1127 2004 1147 2023 «
1161 1983 1352 2028 Scientes
1369 1983 1475 2046 quia

97 2075 119 2097 >2
141 2064 264 2100 vetus
279 2053 414 2098 homo
432 2063 575 2098 noster
593 2053 720 2099 simul
735 2054 929 2099 confixus
951 2064 1012 2098 est
1037 2054 1157 2098 eruci
1178 2071 1278 2098 eum
1299 2052 1373 2098 illo
1390 2091 1401 2110 ,
1426 2064 1474 2098 ut

97 2144 119 2166 ³>
142 2133 375 2170 evacuetur
397 2140 556 2186 corpus
579 2124 749 2187 peccati
770 2124 802 2170 5.
827 2146 846 2166 n
881 2125 980 2169 Non
1014 2140 1114 2183 ergo
1149 2123 1363 2169 Dominus
1396 2140 1475 2186 per

95 2194 289 2254 linguam
315 2194 457 2256 Moysi
477 2193 630 2239 famuli
649 2194 751 2250 Dei,
788 2194 860 2239 sed
887 2211 1000 2239 mors
1024 2195 1117 2257 ipsa
1143 2194 1300 2238 meruit
1336 2193 1474 2238 male-

98 2263 268 2309 dictum
287 2299 298 2319 ‚
328 2279 461 2326 quam
494 2263 705 2308 Dominus
733 2275 877 2310 noster
913 2264 1188 2327 suscipiendo
1226 2265 1466 2310 evacuavit.

98 2333 216 2378 Mors
237 2332 384 2395 itaque
405 2332 479 2377 illa
503 2332 712 2396 pependit
735 2333 781 2378 in
802 2333 938 2393 ligno,
955 2350 1055 2397 quae
1074 2350 1152 2395 per
1175 2332 1397 2378 mulierem
1418 2332 1474 2377 ad

98 2401 322 2447 hominem
355 2403 600 2464 serpentina
634 2403 907 2465 persuasione
938 2403 1146 2466 pervenit.
1187 2402 1313 2448 Unde
1345 2402 1475 2447 etiam

99 2482 339 2536 serpentem
355 2509 366 2528 ‚
396 2473 451 2518 ad
471 2474 827 2533 significationem
851 2475 986 2538 ipsius
1020 2474 1170 2519 mortis
1191 2511 1201 2529 ‚
1233 2474 1403 2535 Moyses
1430 2474 1475 2517 iu

148 2560 158 2581 ¹
181 2559 378 2599 Mauh.x1x,
397 2572 452 2599 αι,
468 2566 500 2593 et
512 2572 578 2599 xvi,
600 2560 729 2598 24.—-2
746 2562 852 2597 Galat.
872 2573 901 2601 v,
925 2569 1023 2600 24³—
1041 2560 1055 2584 3
1072 2562 1190 2608 Ephes.
1211 2563 1337 2606 11‚3.-
1356 2558 1371 2584 ⁴
1384 2563 1479 2595 Rom.

99 2623 168 2652 vui,
190 2614 220 2644 3.
234 2630 278 2637 -
294 2611 308 2635 5
324 2612 371 2645 Id.
390 2623 434 2652 vx,
456 2615 488 2648 6.
