1795 3253
279 282 454 314 comum
490 283 691 313 mositii
728 282 1028 324 maurensem,
1067 285 1153 315 Llss.
1197 285 1288 315 xxi.
1395 270 1486 316 553

115 357 236 393 erant
257 346 433 393 luminis
455 358 668 393 exactores
686 384 697 403 ‚
724 364 832 410 quos
854 348 1041 394 tonitrua
1068 366 1339 395 commovere
1364 350 1488 397 fabu-

116 417 283 464 lamini.

176 489 303 535 XIII.
347 488 506 534 Dulces
532 499 671 535 autem
703 506 750 534 ac
787 505 934 534 suaves
959 490 992 534 si
1020 507 1105 535 non
1130 491 1344 537 haberent
1366 492 1488 537 cibos

111 575 209 603 suos
227 595 238 615 ,
259 575 486 622 nunquam
512 576 581 605 eos
609 569 890 623 appeterent,
939 576 1164 623 nunquam
1206 561 1265 605 eis
1305 578 1486 624 corpora

112 640 369 688 vegetarent.
406 630 471 674 Ita
500 630 613 674 enim
639 647 679 674 se
701 646 764 674 res
784 628 921 673 habet
939 666 949 685 ‚
977 640 1025 674 ut
1049 647 1130 692 pro
1155 635 1364 695 cujusque
1386 648 1488 676 cor-

111 700 231 763 poris
254 702 533 761 congruentia
558 700 624 746 vel
647 700 829 746 delectet
850 717 946 745 esca
967 700 1034 746 vel
1053 700 1259 748 offendat.
1287 703 1330 748 Si
1351 702 1488 748 delec-

112 780 175 815 tat
192 808 204 827 ,
232 771 372 817 dulcis
396 782 472 816 aut
497 771 638 817 suavis
658 770 843 824 dicitur3
873 771 906 816 si
931 782 1075 817 autem
1096 772 1299 826 offendit,
1322 790 1483 829 amara,

111 841 197 887 sive
225 859 401 905 aspera,
439 842 525 887 sive
558 842 702 905 aliqua
737 841 994 887 insuavitate
1028 842 1284 904 respuenda.
1330 843 1484 888 Nonne

109 911 194 974 ipsi
224 929 301 958 nos
336 913 534 958 homines
558 912 617 958 ita
635 929 806 967 sumus,
833 922 881 957 ut
903 912 1159 976 plerumque
1180 912 1285 958 alter
1308 923 1487 976 appetat

111 981 390 1039 alimentum,
414 982 533 1046 quod
567 982 672 1028 alter
689 982 938 1035 exhorreat3
965 982 1051 1028 sive
1072 999 1154 1047 pro
1177 982 1487 1045 temperatione

110 1066 278 1101 naturae
297 1093 308 1112 ‚
335 1056 422 1102 sive
441 1072 521 1119 pro
546 1072 625 1100 usu
655 1054 1005 1109 consuetudinis.
1044 1054 1129 1099 sive
1153 1072 1233 1117 pro
1267 1055 1488 1100 affectione

111 1125 406 1171 valetudinis?
427 1126 605 1181 Quanto
632 1126 764 1184 magis
783 1124 908 1183 longe
933 1124 1089 1169 diversi
1115 1126 1276 1184 generis
1304 1142 1488 1188 corpora

111 1196 348 1243 bestiarum
372 1207 552 1260 possunt
592 1195 702 1241 illud
736 1195 898 1241 habere
916 1196 1189 1256 jucundum.
1219 1197 1336 1259 quod
1361 1197 1487 1242 nobis

114 1285 309 1313 amarum
331 1271 418 1314 est?
441 1270 506 1313 An
529 1267 653 1313 aliter
673 1284 817 1329 caprae
837 1266 890 1312 ad
912 1266 1158 1312 rodendum
1179 1267 1489 1330 suspenderen-

112 1349 182 1383 tur
199 1338 460 1384 oleastrum?
491 1338 600 1383 Nam
627 1339 738 1383 sicut
756 1337 955 1383 nonnulli
976 1337 1131 1382 morbo
1155 1337 1385 1383 hominum
1405 1338 1488 1383 mel

115 1427 311 1455 amarum
335 1420 424 1464 est,
451 1410 511 1455 ita
536 1408 600 1454 illi
621 1419 789 1454 naturae
813 1409 983 1472 pecoris
1016 1409 1156 1454 suavis
1182 1408 1375 1455 oleaster.
1416 1409 1488 1454 Sic

110 1481 356 1527 insinuatur
376 1481 670 1545 prudentibus
694 1498 837 1527 rerum
857 1480 1222 1526 examinatoribus
1247 1479 1354 1525 ordo
1381 1480 1489 1542 quid

111 1550 272 1606 valeat,
301 1568 401 1597 cum
421 1551 585 1597 scilicet
599 1568 674 1596 sua
693 1551 850 1614 cuique
868 1550 1137 1596 adhibentur
1156 1560 1283 1613 atque
1298 1550 1488 1595 reddun-

115 1632 208 1674 tur;
228 1633 528 1685 quantumque
539 1622 624 1667 hoc
640 1622 810 1667 bonum
826 1621 879 1666 sit
895 1621 950 1665 ab
968 1621 1063 1666 imis
1079 1638 1211 1682 usque
1232 1620 1285 1665 ad
1301 1638 1485 1676 summa,

113 1710 134 1736 a
158 1691 459 1754 corporalibus
484 1709 619 1754 usque
648 1691 701 1735 ad
722 1691 948 1754 spiritalia.
981 1691 1132 1753 Itaque
1156 1690 1200 1735 in
1226 1702 1349 1750 gente
1374 1702 1489 1736 tene·

109 1761 290 1807 brarum
308 1777 409 1806 cum
424 1761 581 1806 animal
607 1761 790 1819 alicujus
807 1761 1004 1805 elementi
1026 1778 1074 1805 eo
1088 1761 1344 1806 vescebatur
1365 1762 1483 1813 cibo,

111 1831 187 1895 qui
210 1830 468 1876 nascebatur
486 1831 531 1876 in
545 1833 635 1890 ejus
646 1829 854 1875 elemento
871 1867 880 1885 ‚
899 1830 1056 1892 procul
1077 1830 1214 1875 dubio
1233 1832 1487 1877 suavitatem

110 1903 206 1966 ipsa
233 1901 516 1961 congruentia
538 1900 726 1946 faciebat
754 1918 763 1944 :
793 1900 827 1946 si
848 1911 990 1946 autem
1012 1899 1230 1946 incidisset
1249 1901 1294 1946 in
1315 1901 1490 1948 alterius

110 1971 310 2018 elementi
339 1971 516 2028 cibum,
555 1971 648 2035 ipsa
674 1970 1002 2030 incongruentia
1030 1970 1189 2017 faceret
1211 1972 1487 2018 offensionem

111 2042 252 2088 sensui
275 2041 487 2102 gustantis
514 2059 524 2087 :
548 2058 648 2106 quae
673 2041 849 2087 offensio
873 2041 940 2087 vel
961 2041 1206 2087 amaritudo
1227 2042 1295 2088 vel
1320 2043 1485 2106 asperi-

113 2122 177 2158 tas
195 2112 262 2159 vel
284 2112 519 2159 insuavitas
539 2111 606 2158 vel
627 2110 858 2175 quodlibet
882 2111 999 2157 aliud
1024 2148 1036 2168 ‚
1064 2122 1137 2157 aut
1164 2112 1198 2158 si
1221 2112 1280 2157 ita
1303 2112 1484 2159 nimium

110 2194 200 2236 est,
227 2193 276 2229 ut
301 2183 439 2229 aliena
457 2184 500 2230 vi
524 2199 778 2246 compagem
802 2182 996 2246 corporis
1014 2182 1382 2247 concordiamque
1400 2183 1484 2229 dis-

111 2265 289 2319 rumpat
303 2292 314 2311 ,
344 2272 392 2301 ac
408 2255 469 2301 sic
491 2255 738 2309 interimat,
765 2264 838 2299 aut
859 2254 969 2300 vires
992 2254 1157 2300 auferat
1176 2291 1187 2310 ,
1209 2254 1338 2299 etiam
1359 2271 1485 2300 vene-

111 2343 216 2372 num
239 2337 440 2383 vocatur,
468 2343 556 2372 non
582 2325 663 2370 nisi
690 2342 766 2389 per
794 2325 1169 2385 incongruentiam
1186 2362 1197 2381 ‚
1222 2324 1342 2388 quod
1365 2324 1484 2371 alteri

111 2396 251 2457 generi
273 2414 353 2460 per
381 2396 710 2457 congruentiam
747 2395 872 2441 cibus
909 2406 972 2441 est
1001 2413 1010 2440 :
1043 2396 1154 2441 sicut
1188 2411 1370 2458 panem,
1406 2395 1482 2459 qui

110 2466 365 2531 quotidiana
386 2484 481 2513 esca
504 2477 650 2512 nostra
673 2476 758 2522 est,
789 2465 823 2511 si
843 2466 1053 2529 accipiter
1082 2477 1248 2521 sumat,
1272 2465 1486 2526 extingui-

111 2548 182 2584 tur
201 2558 212 2592 ;
233 2548 274 2583 et
296 2556 373 2584 nos
396 2538 430 2584 si
450 2538 722 2584 helleborum
742 2574 752 2593 ,
779 2553 867 2601 quo
887 2554 1046 2601 pecora
1063 2537 1271 2601 pleraque
1295 2553 1483 2582 vescun-

113 2617 201 2666 tur,
217 2612 342 2670 quus
363 2619 507 2655 tamen
521 2607 672 2655 herbae
696 2606 963 2655 adhibendae
984 2606 1164 2672 quidam
1188 2605 1343 2653 modus
1359 2606 1484 2652 etiam
