1795 3253
138 257 193 288 DE
228 254 405 288 DUABUS
441 254 669 288 ANIMABUS
706 254 882 287 CONTRA
917 256 1132 301 MANICH.‚
1170 259 1258 291 LIB.
1300 259 1332 292 I.
1412 246 1473 310 67

106 324 212 370 lum.
243 324 526 387 Quapropter
542 321 760 387 quidquid
783 321 851 369 vel
872 322 917 368 in
942 322 1026 370 illis
1049 324 1185 371 oculis
1200 363 1211 382 ‚
1232 324 1302 373 vel
1319 326 1365 372 in
1386 325 1479 373 istis

105 393 324 440 mentibus
341 393 468 449 fecit,
500 404 548 439 ut
572 394 628 439 ab
648 392 716 438 his
734 392 1020 456 possitvideri
1043 394 1191 442 divina
1214 396 1473 453 substantia,

105 483 312 526 magnum
333 476 374 510 et
389 465 595 510 ineffabili
617 464 746 510 laude
763 463 1064 523 dignissimum
1098 467 1267 513 bonum
1290 467 1405 516 fecit.
1432 468 1480 514 Si

105 547 248 581 autem
265 552 349 581 non
368 536 551 591 factum,
570 533 643 580 sed
657 534 802 598 ipsum
824 551 904 597 per
926 551 968 580 se
991 535 1076 582 tale
1092 554 1142 582 ac
1166 538 1479 600 sempiternum

104 616 213 662 erat,
240 605 415 651 difficile
432 606 519 652 hoc.
543 604 656 651 malo
679 604 924 667 quidquam
949 606 1101 652 melius
1121 607 1354 656 invenitur.

167 675 308 722 XVII.
335 679 555 721 Postremo
571 685 620 721 ut
636 673 748 720 nihil
765 674 925 720 horum
939 675 1263 723 laudandorum
1285 679 1479 727 habeant

103 745 189 792 illae
213 746 387 802 animae,
429 763 530 809 quae
569 746 743 791 illorum
767 745 1011 792 rationibus
1037 747 1199 794 habere
1240 761 1472 810 coguntur,

102 833 340 880 quaererem
358 827 505 862 utrum
518 817 684 881 aliquas
708 833 761 861 an
790 815 932 861 nullas
951 817 1114 864 animas
1136 822 1255 865 Deus
1279 820 1469 870 damnet.

103 887 149 932 Si
168 886 332 944 nullas,
352 887 524 933 nuHum
562 887 815 933 meritorum
840 886 1060 946 judicium
1084 899 1170 945 est,
1192 890 1310 937 nulla
1326 893 1480 955 provi-

99 957 270 1012 dentia3
292 969 334 1004 et
358 975 476 1014 casu,
501 959 647 1021 potius
666 974 799 1020 quam
831 957 1014 1014 ratione,
1046 960 1238 1007 mundus
1263 962 1475 1010 adminis-

104 1038 258 1086 tratur,
285 1027 352 1074 vel
371 1028 619 1091 potiusnon
639 1027 992 1073 administratur:
1016 1047 1104 1075 non
1128 1032 1243 1077 enim
1267 1032 1478 1097 adminisza-

100 1100 230 1145 tratio
250 1099 423 1145 casibus
452 1099 597 1144 danda
613 1109 689 1145 est.
719 1099 815 1144 Hoc
834 1109 975 1144 autem
1001 1100 1035 1145 si
1053 1103 1476 1168 omnibusmfualibet

98 1169 303 1230 religione
318 1169 529 1216 devinctis
545 1169 718 1215 credere
735 1168 851 1214 nefas
874 1180 961 1226 est,
995 1182 1132 1231 restat⁴
1150 1184 1294 1229 uhflut
1319 1177 1373 1221 sit
1396 1176 1478 1223 ali-

99 1257 285 1304 quarum
323 1240 568 1286 animarum
609 1239 830 1285 damnatio
845 1276 856 1296 ,
906 1251 980 1286 aut
1014 1242 1133 1289 nulla
1167 1257 1349 1307 peccata
1372 1248 1471 1295 sint.

102 1310 186 1356 Sed
204 1311 240 1356 si
256 1310 375 1356 nulla
390 1320 570 1374 peccata
585 1320 685 1356 sunt
705 1347 716 1365 ‚
738 1310 867 1355 etiam
879 1310 1050 1356 nullum
1066 1313 1228 1360 malum
1246 1333 1257 1360 ε
1277 1317 1395 1380 quod
1410 1318 1482 1364 isti

100 1381 133 1426 si
154 1380 359 1437 dixerint,
385 1381 588 1427 haeresim
617 1398 739 1426 suam
762 1398 848 1426 uno
878 1382 968 1427 ictu
992 1384 1272 1434 interficiunt.
1300 1387 1476 1436 Conve-

94 1451 159 1496 nit
184 1451 318 1512 igitur
334 1451 445 1497 mihi
469 1468 572 1497 cum
606 1452 689 1497 illis
710 1488 721 1507 ,
744 1452 908 1497 animas
931 1452 1094 1516 aliquas
1119 1454 1381 1518 divina-lege
1397 1463 1475 1518 ju-

94 1520 295 1584 dicioque
311 1521 524 1568 damnari.
557 1523 612 1567 At
636 1522 709 1567 hae
727 1522 763 1567 si
786 1522 918 1567 bonae
956 1523 1056 1579 sint,
1088 1541 1190 1589 quae
1211 1526 1286 1572 illa
1302 1530 1475 1587 justitia

92 1595 184 1638 est?
205 1592 251 1638 Si
282 1591 428 1648 malae,
454 1603 608 1639 natura
623 1610 678 1637 an
692 1592 950 1639 voluntate?
971 1593 1056 1639 Sed
1075 1606 1229 1642 natura
1241 1614 1326 1644 esse
1340 1600 1468 1647 malae

93 1662 248 1708 animae
277 1661 398 1708 nullo
431 1662 562 1708 modo
592 1673 760 1726 queunt
783 1661 817 1710 4.
849 1662 975 1708 Unde
1014 1664 1103 1710 hoc
1142 1665 1379 1715 docemus?
1402 1671 1471 1718 De

90 1733 387 1796 superioribus
418 1733 747 1778 definitionibus
789 1733 1024 1780 voluntatis
1083 1746 1213 1800 atque
1273 1742 1457 1802 peccati.

93 1803 209 1860 Quia
231 1803 374 1849 dicere
397 1803 561 1849 animas
575 1840 586 1859 ‚
613 1814 655 1849 et
683 1820 768 1849 esse
787 1803 922 1849 malas
938 1840 949 1858 ‚
970 1815 1012 1849 et
1030 1805 1142 1852 nihil
1158 1822 1363 1873 peccare—3?
1376 1812 1468 1875 ple-

89 1890 197 1919 num
218 1884 280 1920 est
302 1873 531 1920 dementiae
551 1892 562 1919 :
603 1874 746 1920 dicere
782 1884 928 1919 autem
960 1892 1166 1938 peccare,
1191 1874 1281 1925 ssne
1302 1882 1464 1929 volun-

88 1954 189 2000 tate,
211 1963 418 2006 magnum
440 1945 774 1991 deliramentum
797 1956 885 1998 est3
912 1956 953 1990 et
971 1948 1141 2008 peccati
1170 1967 1291 1997 reum
1318 1958 1463 2001 tenere

87 2032 320 2079 quemque,
343 2017 447 2080 quia
472 2033 560 2061 non
574 2015 676 2060 fecit
695 2015 815 2078 quod
836 2014 1076 2062 facerenon
1090 2020 1250 2081 potuit,
1277 2038 1463 2070 summae

86 2086 326 2150 iniquitatis
345 2097 408 2132 est
430 2097 473 2131 et
493 2085 685 2132 insaniae.
718 2086 1015 2142 Quamobrem
1032 2087 1120 2134 illae
1135 2090 1291 2137 animae
1326 2094 1463 2157 quid-

87 2157 195 2220 quid
207 2156 398 2213 faciunt,
425 2156 459 2202 si
482 2166 638 2202 natura
654 2193 665 2212 ‚
683 2173 769 2201 nou
791 2157 1016 2203 voluntate
1037 2158 1234 2217 faciunt,
1256 2161 1302 2208 id
1321 2174 1399 2222 est,
1425 2166 1462 2213 si

85 2227 224 2274 libero
242 2238 284 2273 et
297 2227 353 2274 ad
374 2226 622 2273 faciendum
645 2237 688 2274 et
718 2227 774 2274 ad
798 2245 887 2274 non
910 2228 1159 2276 faciendum
1178 2243 1302 2279 motu
1325 2237 1461 2285 animi

85 2311 259 2354 carent3
282 2300 317 2346 si
353 2299 538 2363 denique
561 2298 630 2344 his
652 2299 896 2346 abstinendi
918 2300 975 2346 ab
1004 2318 1134 2364 opere
1161 2320 1240 2349 suo
1268 2316 1461 2368 potestas

85 2371 205 2418 nulla
225 2370 498 2426 conceditur,
519 2381 750 2433 peccatum
763 2387 911 2418 earum
932 2382 1076 2419 tenere
1095 2391 1182 2419 non
1206 2392 1454 2438 possumus.

86 2445 144 2490 At
170 2459 316 2489 omnes
338 2441 548 2497 fatentur,
577 2451 620 2486 et
649 2441 783 2488 malas
825 2442 988 2488 animas
1020 2446 1163 2503 juste,
1191 2455 1233 2490 et
1272 2463 1340 2493 eas
1354 2466 1458 2514 quae

83 2531 173 2561 non
208 2522 531 2578 peccaverunt,
565 2512 722 2572 injuste
759 2513 982 2570 damnari:
1010 2513 1201 2563 fatentur
1221 2516 1355 2579 igitur
1388 2538 1459 2570 eas

130 2597 143 2621 ¹
166 2608 181 2629 1
200 2599 293 2630 Retr.
309 2607 367 2632 xv,

1244 2654 1288 2703 5.
