1795 3253
284 197 374 242 5th
796 210 1150 241 ANNOTATIONES.

285 277 522 322 licenciam
531 282 796 339 passivam,
821 276 866 322 id
887 288 965 333 est,
988 293 1140 336 vagam
1154 276 1523 324 etindifferentem
1547 295 1666 342 :quo

283 347 412 392 etiam
442 364 566 393 sensu
603 347 719 411 apud
759 347 1076 411 Hieronymum
1115 347 1159 392 in
1198 347 1355 395 Ezech.
1410 350 1474 396 16.
1514 349 1668 409 legitur

291 422 484 462 l’czssz'1·cc
507 419 666 465 libido.
715 419 766 464 In
793 418 992 464 Concilio
1019 417 1355 478 Carthaginensi
1397 421 1432 467 I.
1481 437 1578 483 cap.
1619 420 1662 466 8.

288 488 450 534 dicitur
472 493 752 536 Communis)
774 495 988 553 passiva,
1013 489 1057 535 id
1087 500 1165 543 cst,
1207 489 1469 538 indifferens.
1506 493 1562 537 Et
1583 491 1672 537 ibi-

287 559 385 605 dem
406 578 504 625 cap.
543 579 556 607 1
577 579 610 608 l.
643 566 840 608 Passim
868 579 1087 625 corpora,
1111 560 1157 606 id
1177 571 1257 617 est,
1281 561 1505 624 qualibet.

650 720 906 750 Amorum
945 705 1014 767 (4)
1053 722 1152 768 pag.
1199 707 1308 769 467.

359 840 432 886 Sic
452 839 540 885 dici
563 839 700 885 solent
728 840 1080 886 terriculamenta
1110 840 1343 887 infantium
1363 878 1374 899 ,
1401 852 1531 905 atque
1556 842 1622 888 uti
1635 842 1680 887 in

296 909 449 958 lsidor.
476 910 615 957 Gloss.
639 910 817 970 legitur,
839 909 1361 971 formidinumimagines.
1382 911 1681 959 Lamiasidem

295 980 539 1039 significare
559 980 646 1026 hoc
668 980 767 1026 loco
789 979 1065 1027 manifestum
1090 992 1167 1028 est.

669 1147 927 1178 ANNOTATIO
965 1133 1034 1196 (5)
1070 1151 1173 1197 pag.
1215 1134 1323 1180 516.

372 1278 628 1324 Castolc'am
652 1277 770 1324 idem
802 1287 865 1323 est
891 1293 941 1323 ac
961 1279 1324 1339 coopertorium,
1369 1288 1417 1323 ut
1440 1287 1622 1323 vocatur
1647 1279 1693 1323 in

306 1348 386 1396 lib.
424 1348 477 1395 de
508 1349 760 1395 Haeresibus
798 1347 878 1396 lib.
926 1365 1042 1395 XLVI.
1068 1359 1198 1412 atque
1229 1347 1371 1394 ultimi
1392 1348 1512 1409 globi
1549 1349 1694 1410 (Juxta

314 1419 610 1483 Manichaeos)
646 1424 898 1466 textor-ium
922 1437 970 1465 ex
994 1419 1226 1466 animabus
1262 1430 1417 1465 natura
1444 1419 1571 1465 bonis
1595 1435 1696 1482 quae

310 1506 399 1535 non
423 1491 646 1554 potuerint
681 1509 705 1537 a
729 1502 899 1537 naturae
934 1490 1062 1537 malae
1087 1490 1342 1551 contagione
1362 1489 1581 1546 mundari,
1609 1506 1699 1554 quo

316 1562 496 1607 tectorio
520 1572 620 1625 post
641 1561 792 1609 saeculi
819 1563 950 1608 finem
967 1573 1179 1625 tanquam
1207 1578 1384 1609 carcere
1409 1578 1597 1625 superno
1627 1561 1700 1606 in-

316 1630 435 1677 clusa
455 1632 536 1676 erit
559 1633 803 1676 substantia
825 1633 943 1679 mali.
