1795 3253
233 307 408 338 CONTRA
442 304 644 338 FAUSTUM
677 304 980 349 MANtcuAEUM,
1018 307 1104 340 LlB.
1146 310 1248 342 XIII.
1343 297 1429 360 371

65 380 182 419 nun'c
204 370 442 418 cernuntur
462 371 667 436 impleta,
691 389 777 417 non
813 372 1044 418 nobiscum
1069 384 1215 421 tenent
1246 377 1437 436 ejusdem

66 443 286 504 Evangelii
299 443 558 491 societatem.
590 445 703 489 Cum
722 460 822 490 vero
847 442 1074 490 doceretur
1104 447 1233 493 etiam
1259 448 1345 494 hoc
1379 449 1435 495 ab

65 514 225 560 eisdem
248 515 481 579 Prophetis
509 532 594 561 esse
628 513 890 579 praedictum
907 553 917 571 ‚
962 528 1173 580 quantum
1194 531 1438 566 moveretur

67 586 120 632 ad
153 586 303 642 fidem,
324 586 420 650 quis
440 597 526 632 tam
552 586 725 633 demens
746 596 808 632 est
826 623 836 642 ‚
862 597 910 632 ut
928 604 1015 633 non
1035 588 1208 635 videat?
1230 590 1325 653 quis
1350 601 1438 638 tam

65 657 313 721 impudens,
339 669 442 704 utse
460 658 604 705 videre
625 657 891 704 dissimulet?
913 658 1023 715 Quis
1035 660 1147 705 enim
1164 659 1336 706 dubitet
1354 662 1440 708 hoc

66 728 120 775 de
141 729 165 773 J
172 729 305 775 udaeis
316 728 444 775 fuisse
460 730 794 794 prophetatum,
818 746 920 775 curn
943 730 1071 775 lsaias
1087 730 1206 777 dicat
1227 749 1273 777 z«
1288 734 1439 793 Agno-

67 821 88 842 »
111 801 174 847 vit
206 800 286 846 bos
306 817 591 864 possessorem
628 818 779 858 suum,
805 811 848 846 et
881 800 1025 846 asinus
1054 819 1250 866 praesepe
1272 803 1442 851 domini

46 892 87 913 -»
111 872 193 925 sui;
217 870 353 917 Israel
373 881 514 917 autem
535 889 602 917 me
624 889 712 917 non
730 873 932 932 cognovit
955 882 995 916 et
1015 873 1207 935 populus
1232 891 1350 920 meus
1371 892 1439 920 me

66 964 87 984 »
110 959 197 988 non
212 942 419 989 intellexit
433 942 518 989 19»
538 945 625 989 Aut
642 943 751 990 illud
776 943 898 1008 quod
919 943 1152 1007 Apostolus
1169 961 1439 991 commemo-

67 1024 160 1060 rat:
187 1035 208 1056 «
235 1016 347 1060 Tota
381 1014 451 1061 die
486 1015 673 1079 expandi
712 1032 865 1061 manus
892 1033 1004 1061 meas
1028 1015 1082 1061 ad
1105 1016 1323 1080 populum
1352 1034 1442 1064 non

67 1107 87 1127 »
112 1085 356 1132 credentem
381 1096 423 1130 et
449 1086 824 1132 contradicentem
852 1086 884 1132 2.
915 1107 934 1126 »
966 1086 1020 1131 Et
1059 1086 1239 1133 maxime
1284 1087 1394 1134 illud
1427 1106 1438 1134 ι

68 1178 89 1198 ‹<
106 1156 237 1202 Dedit
252 1155 335 1201 illis
353 1158 467 1202 Deus
486 1157 690 1220 spiritum
709 1156 1061 1219 compunctionis
1079 1194 1089 1213 ‚
1118 1157 1265 1203 oculos
1286 1169 1438 1205 utnon

68 1250 89 1270 n
112 1226 306 1283 videant,
330 1237 372 1272 et
394 1243 515 1273 aures
540 1238 589 1273 ut
613 1245 702 1273 non
725 1227 923 1283 audiant,
944 1238 986 1273 et
998 1245 1085 1273 non
1111 1228 1377 1289 intelligant3
1393 1248 1404 1276 τ
1422 1253 1442 1273 »

67 1310 108 1345 et
134 1298 270 1344 multa
290 1299 560 1359 hujusmodi.
588 1299 719 1356 Quod
744 1299 776 1344 si
801 1298 990 1344 diceret:
1020 1321 1039 1339 «
1060 1299 1178 1355 Quid
1207 1317 1307 1360 ergo
1336 1318 1445 1364 pec-

69 1391 88 1412 »
113 1380 320 1415 caverunt
336 1369 499 1425 Judaei,
526 1369 559 1414 si
586 1370 700 1414 Deus
726 1369 821 1415 illos
841 1371 1073 1415 excaecavit
1096 1387 1146 1415 ne
1164 1381 1443 1430 agnoscerent

70 1464 90 1483 »
116 1441 343 1486 Christum
362 1441 415 1487 ΔΡ
439 1463 458 1482 »
479 1442 702 1498 Quantum
723 1457 961 1504 possemus,
986 1441 1225 1486 imbuendo
1239 1442 1338 1488 rudi
1354 1443 1442 1488 ho-

69 1512 175 1558 mini
198 1513 517 1558 ostenderemus
537 1530 584 1558 ex
605 1511 696 1557 aliis
716 1511 900 1557 occultis
918 1512 1107 1574 peccatis
1124 1514 1214 1557 Deo
1238 1513 1442 1573 cognitis,

68 1583 212 1629 venire
230 1587 394 1643 Justam
416 1599 595 1645 poenam
614 1581 746 1641 hujus
766 1581 972 1627 caecitatis
994 1598 1003 1625 :
1042 1581 1162 1644 quod
1189 1599 1275 1627 non
1311 1583 1450 1630 solum

70 1654 221 1700 dixisse
249 1654 507 1717 Apostolum
532 1652 584 1698 de
604 1650 868 1716 quibusdam
893 1669 903 1695 :
924 1672 942 1691 r<
959 1652 1148 1714 Propter
1163 1652 1250 1697 hoc
1270 1654 1449 1700 tradidit

72 1748 91 1767 ,2
115 1725 209 1771 illos
226 1726 340 1771 Deus
355 1726 399 1771 in
420 1722 819 1787 concupiscentiam
845 1721 987 1767 cordis
1011 1738 1161 1768 eorum
1176 1760 1186 1778 ‚
1219 1724 1286 1769 vel
1309 1725 1353 1770 in
1385 1743 1448 1771 re-

73 1796 305 1859 »probum
337 1812 526 1851 sensum,
553 1805 601 1840 ut
628 1793 791 1839 faciant
826 1809 927 1856 quae
963 1810 1051 1838 non
1076 1795 1343 1840 conveniunt
1368 1796 1403 1853 5,
1426 1819 1446 1838 ³,

71 1869 285 1916 volentem
306 1866 528 1913 ostendere
553 1863 756 1929 quaedam
781 1873 960 1926 peccata
988 1862 1229 1920 manifesta,
1250 1882 1296 1910 ex
1316 1883 1451 1929 poena

69 1940 214 1986 venire
236 1936 526 2001 quorumdam
565 1933 866 1980 occultorum:
894 1933 968 1978 sed
1003 1951 1083 1979 nec
1123 1935 1240 1997 ipsos
1263 1935 1349 1982 hoc
1378 1949 1449 1984 ta-

72 2011 207 2057 cuisse
232 2007 478 2072 Prophetas
500 2005 904 2052 demonstraremus.
938 2004 1048 2048 Nam
1079 2021 1131 2049 ne
1160 2022 1337 2068 pergam
1354 2007 1449 2054 lon-

73 2082 182 2142 gius,
198 2080 314 2126 idem
338 2077 544 2124 Jeremias
565 2093 615 2122 eo
640 2075 734 2139 ipso
754 2073 868 2130 1000,
887 2074 964 2119 ubi
989 2074 1046 2119 ait
1065 2092 1074 2119 :
1095 2096 1113 2115 α
1138 2077 1192 2121 Et
1212 2076 1345 2123 homo
1363 2090 1442 2136 est,

74 2174 95 2195 »
122 2163 162 2199 et
183 2151 281 2216 quis
307 2159 507 2211 agnoscet
532 2165 629 2193 eum
653 2148 702 2191 ⁶?
724 2167 743 2187 ›>
783 2162 835 2191 ne
869 2146 992 2209 quasi
1015 2145 1104 2191 hoc
1127 2146 1221 2209 ipso
1259 2152 1447 2196 excusati

73 2234 208 2269 essent
232 2222 257 2267 J
264 2221 379 2268 udaei
398 2220 502 2284 quia
522 2236 611 2264 non
630 2226 952 2277 cognoverunt:
975 2237 996 2257 «
1018 2216 1063 2261 Si
1086 2217 1201 2262 enim
1216 2221 1446 2278 cognovis—

75 2317 95 2336 »
122 2304 230 2346 sent,
251 2293 363 2338 sicut
388 2289 617 2354 Apostolus
632 2288 741 2334 dicit
759 2324 769 2341 ‚
788 2303 1014 2351 nunquam
1044 2287 1278 2334 Dominum
1298 2289 1447 2350 gloriae

75 2387 95 2407 υ
120 2363 432 2411 crucifixissent
454 2360 472 2389 7
498 2379 508 2405 ε
538 2380 558 2402 ³>
584 2358 806 2422 Sequitur,
836 2367 877 2402 et
894 2356 1083 2402 ostendit
1106 2359 1266 2404 occulti
1295 2377 1447 2408 eorum

76 2434 217 2481 meriti
229 2433 356 2480 fuisse
373 2469 384 2489 ‚
411 2442 461 2477 ut
482 2447 571 2476 non
589 2438 910 2489 cognoscerent.
939 2428 1012 2474 Ait
1033 2428 1147 2473 enim
1172 2446 1182 2473 :
1204 2450 1223 2470 α
1245 2430 1335 2490 Ego
1366 2432 1448 2477 Do-

76 2527 97 2548 »
121 2506 285 2561 minus,
310 2492 575 2562 interrogans
601 2499 732 2546 corda
750 2535 761 2555 ,
786 2509 828 2544 et
849 2498 1042 2562 probans
1064 2516 1183 2545 renes
1201 2537 1212 2556 ‚
1256 2511 1304 2546 ut
1346 2501 1446 2548 dem

125 2598 135 2620 ¹
156 2597 268 2635 Isai.1‚
287 2598 316 2629 3.
335 2613 378 2620 ——-
403 2593 419 2616 ²
436 2597 527 2626 Rom.
565 2604 598 2633 x,
626 2603 666 2622 21
685 2615 693 2628 ‚
724 2597 756 2622 ct
785 2591 859 2623 lsai.
889 2601 974 2629 mv,
1006 2602 1036 2622 2.
1059 2608 1105 2614 —
1132 2586 1146 2611 3
1165 2592 1258 2625 Rom.
1290 2602 1335 2629 xi,
1354 2593 1387 2628 8,
1408 2611 1453 2618 -

75 2649 91 2675 ⁴
108 2651 179 2684 Isai.
194 2661 238 2689 vt,
260 2661 368 2684 10.—
384 2647 399 2671 ⁵
416 2651 510 2680 Rom.
523 2659 546 2688 1,
565 2658 620 2689 29.
637 2663 684 2669 --
698 2642 714 2668 ⁵
729 2647 849 2678 Jerem.
867 2655 947 2684 xvii,
969 2655 1020 2680 ιο,
1037 2661 1084 2668 -
1100 2642 1113 2665 ⁷
1139 2654 1152 2674 1
1175 2645 1249 2676 Cor.
1267 2655 1306 2683 ιι,
1326 2648 1357 2680 8,

1247 2698 1322 2754 24.
