1795 3253
241 303 413 336 CONTRA
452 302 653 334 messuri
692 302 996 343 mmmmm,
1036 305 1122 335 12213.
1164 305 1223 337 ιν.
1337 289 1421 336 251

53 483 95 495 w
115 482 400 494 uttunsnmss-
422 482 662 492 ιιπινιιικνιη
674 481 703 490 ι·
716 481 814 491 ςιικί
826 480 862 489 §⁴
890 480 992 490 νιειπ
1017 480 1054 490 Q«
1080 482 1118 491 ιι
1143 481 1179 491 ς-
1206 481 1304 492 ·ᾳι.,«
1343 481 1441 493 “sn

588 605 770 651 ‚LIBER
808 604 881 652 IV.

119 770 155 816 Ι.
184 769 379 814 FAUsTUs
392 766 525 812 dixit:
550 766 757 829 «Accipis
781 765 1104 813 Testamentum
1118 767 1284 815 Vetus?
1309 768 1354 815 Si
1372 780 1435 816 est

55 840 164 886 mihi
183 840 228 885 in
247 856 295 885 eo
313 837 561 894 haeredstas,
581 837 749 901 accipio
762 858 772 891 3
786 837 818 882 si
837 855 924 882 non
942 848 1020 893 est,
1045 855 1131 885 non
1143 839 1327 904 accipio.
1348 842 1434 886 Im-

55 906 251 976 probitas
266 909 379 955 enim
405 908 505 954 liaec
529 908 705 972 quidem
738 908 870 954 nimia
900 919 978 963 est,
998 925 1207 972 usurpare
1233 911 1402 957 tabulas
1421 947 1432 962 ,

56 998 155 1045 quae
192 991 401 1026 testentur
426 979 764 1025 exhaeredatum.
814 981 877 1025 An
913 979 1082 1040 ignoras
1109 981 1434 1028 Testamentum

56 1052 189 1098 Vetus
208 1051 562 1097 Chananaeorum
584 1061 740 1096 terram
760 1051 1076 1114 repromittere,
1095 1051 1167 1097 sed
1187 1069 1280 1098 eam
1296 1063 1438 1098 tamen

57 1121 240 1178 Judaess,
269 1120 411 1177 idest,
432 1120 716 1172 circumcisis,
761 1131 801 1166 et
836 1121 1202 1178 sacrificantibus,
1230 1133 1271 1168 et
1295 1123 1434 1168 absti-

51 1192 262 1257 nentibus
286 1209 309 1237 a
326 1191 508 1255 porcina
525 1229 536 1246 ‚
575 1208 624 1236 ac
652 1191 829 1255 reliquis
857 1192 1081 1247 carnibus,
1109 1209 1216 1257 quas
1238 1193 1436 1240 immun-

56 1263 135 1309 das
171 1264 337 1327 Moyses
359 1261 574 1326 appellat,
596 1261 790 1308 ¹sabbata
815 1263 1165 1319 observantibus,
1196 1275 1238 1310 et
1260 1281 1439 1328 azymo-

56 1333 492 1381 rumsolemnitatem
509 1371 520 1389 ,
555 1351 604 1380 ac
631 1333 798 1398 reliqua
816 1334 1094 1393 hujusmodi,
1121 1352 1220 1400 quae
1244 1338 1332 1395 ejus
1350 1335 1441 1400 ipse

60 1416 237 1452 testator
265 1405 324 1451 eis
366 1404 636 1451 observanda
660 1404 883 1450 mandavit
909 1404 956 1451 4?
992 1406 1104 1462 Quae
1143 1407 1247 1470 quia
1281 1406 1441 1453 Chris-

62 1477 280 1523 tianorum
304 1476 509 1540 placuere
531 1476 711 1532 nemini,
732 1493 870 1539 neque
886 1476 1000 1522 enim
1019 1476 1251 1540 quisquam
1272 1489 1441 1524 nostro-

59 1567 156 1595 rum
182 1566 230 1594 ea
267 1548 480 1604 custodit,
515 1547 696 1607 dignum
722 1558 800 1604 est,
829 1558 876 1593 ut
900 1565 1000 1593 cum
1027 1547 1165 1595 refusa
1187 1548 1441 1596 haereditate

61 1620 294 1666 reddamus
309 1630 351 1666 et
368 1620 555 1666 tabulas.
582 1621 691 1666 Haec
708 1637 807 1680 ergo
827 1619 970 1683 prima
1004 1636 1132 1666 causa
1156 1631 1235 1677 est,
1263 1638 1342 1667 cur
1365 1639 1442 1683 ego

60 1692 387 1737 Testamentum
413 1690 545 1736 Vetus
578 1690 873 1750 abjiciendum
894 1701 1003 1755 puto
1027 1708 1037 1735 :
1066 1691 1148 1737 nisi
1172 1701 1220 1738 tu
1237 1709 1304 1738 me
1327 1710 1441 1757 pru-

64 1761 234 1807 dentius
251 1760 416 1826 aliquid
437 1760 603 1807 doceas,
633 1761 834 1807 Secunda
853 1779 954 1808 vero
968 1779 1095 1808 causa
1111 1773 1190 1820 est,
1217 1764 1336 1829 quod
1354 1774 1442 1810 tam

66 1833 195 1880 etiam
238 1832 391 1878 misera
424 1835 533 1892 erS‚
578 1842 621 1877 et
660 1832 923 1895 corporalis,
966 1850 1015 1879 ac
1044 1831 1171 1894 longe
1206 1835 1263 1881 ab
1287 1835 1443 1883 animae

64 1903 305 1950 commodis
323 1903 557 1950 haereditas
577 1914 655 1959 est,
678 1914 726 1948 ut
750 1914 849 1967 post
867 1904 1038 1951 beatam
1058 1904 1177 1951 illam
1202 1906 1315 1952 Novi
1337 1907 1444 1952 Tes-

62 1977 241 2024 tamenti
254 1975 613 2041 pollicitationem
651 1993 751 2039 quae
794 1976 1009 2023 coelorum
1042 1976 1153 2024 mihi
1183 1995 1381 2039 regnum,
1404 1990 1447 2025 et

63 2050 197 2096 vitam
215 2059 474 2113 perpetuam
501 2049 795 2112 repromittit3
826 2049 954 2095 etiam
973 2050 1006 2098 si
1046 2050 1175 2111 gratis
1209 2067 1305 2099 eam
1334 2050 1446 2099 mihi

63 2131 240 2167 testator
264 2137 364 2166 suus
388 2120 615 2180 ingereret,
642 2120 894 2169 fastidirem.
926 2143 946 2164 »

129 2193 188 2238 ΙΙ.
220 2193 503 2238 Aucusrmus
520 2191 776 2256 respondit:
804 2193 1132 2257 Temporalium
1169 2194 1348 2258 quidem
1370 2213 1443 2244 re-

65 2281 164 2311 rum
190 2263 498 2328 promissiones
532 2265 806 2310 Testamento
829 2264 972 2311 Veteri
1012 2266 1253 2322 contineri,
1281 2277 1323 2313 et
1349 2266 1447 2315 ideo

65 2335 197 2381 Vetus
216 2336 543 2380 Testamentum
580 2334 814 2398 appellari,
842 2353 967 2384 nemo
1002 2347 1200 2385 nostrum
1233 2338 1442 2398 ambigit;

45 2409 105 2452 ‘et
133 2405 254 2471 quod
277 2416 449 2452 aeternae
472 2405 573 2452 vitre
595 2405 823 2469 promissio
849 2424 1117 2471 regnumque
1140 2407 1355 2454 coelorum
1393 2407 1448 2453 ad

67 2478 241 2524 Novum
264 2477 452 2540 pertinet
478 2477 801 2523 Testamentum
822 2495 832 2522 ε
861 2477 932 2524 sed
955 2478 1102 2525 inillis
1128 2479 1442 2542 temporalibus

65 2548 223 2609 figuras
246 2546 374 2593 fuisse
395 2546 645 2593 futurorum
662 2585 673 2604 ,
707 2564 806 2612 quae
833 2548 1120 2613 implerentur
1144 2549 1190 2596 in
1215 2549 1343 2596 nobis
1359 2586 1370 2606 ,
1400 2549 1448 2596 in

117 2646 127 2667 ¹
147 2643 231 2678 Vide
250 2646 330 2677 Gen.
346 2656 402 2689 xv,
422 2646 476 2684 18,
495 2651 526 2678 et
541 2657 621 2682 xvxi,
638 2646 676 2684 85
696 2646 797 2682 Levit.
816 2658 862 2685 xt,
884 2659 913 2687 7,
931 2653 962 2680 et
981 2648 1079 2681 Exod.
1097 2660 1156 2687 xit,
1173 2660 1223 2681 20.
