1795 3253
260 250 433 283 CONTRA
467 251 711 286 EPISTOLAM
745 250 999 291 MANICHAEI,
1039 252 1125 283 Lm.
1169 254 1198 285 1.
1345 256 1423 301 191.

72 336 94 359 >>
111 314 253 372 distis,
279 316 446 379 inquit,
470 334 517 363 ex
546 333 618 362 ore
641 331 749 362 meo.
790 316 1008 372 Quoniam
1044 318 1064 361 J
1074 334 1231 363 oannes
1258 318 1436 381 quidem

71 385 351 449 »baptizavit
389 403 527 448 aqua,
558 403 634 433 vos
670 396 813 431 autem
843 386 1009 448 Spiritu
1044 399 1191 433 saneto
1222 388 1438 452 incipietis

73 475 94 497 »
113 455 326 518 baptizari
349 473 360 500 ε
387 473 516 518 quem
533 467 575 501 et
592 456 813 519 accepturi
832 457 928 501 estis
950 474 1034 501 non
1059 468 1156 520 post
1174 458 1333 504 multos
1349 459 1438 506 dies

72 547 93 569 »
112 526 213 572 istos
238 543 373 590 usque
390 526 444 572 ad
471 529 764 574 Pentecosten.
797 527 866 572 Illi
886 528 1062 590 quidem
1081 546 1181 574 cum
1202 531 1434 588 venissent,

73 597 435 658 »interrogabant
461 615 587 655 eum,
614 597 829 652 dicentes;
857 600 1040 644 Domine
1066 601 1129 645 :si
1152 600 1238 645 hoc
1261 601 1306 646 in
1333 611 1438 646 tem-

74 684 218 731 »pore
247 669 645 731 repraesentaberis,
680 680 722 715 et
747 668 924 732 quando
951 687 1129 729 regnum
1160 671 1324 717 lsrael?
1362 672 1440 717 llle

74 749 260 785 »autem
281 739 388 785 dixit
418 757 429 785 ε
464 741 601 786 Nemo
623 750 765 804 potest
798 757 1053 800 cognoscere
1088 751 1281 805 tempus,
1322 742 1441 806 quod

75 831 96 852 »
116 810 243 856 Pater
270 810 416 874 posuit
438 810 484 856 in
507 828 583 857 sua
610 821 844 874 potestate,
878 810 950 856 sed
979 811 1199 873 accipietis
1237 813 1442 858 virtutem

75 902 96 930 ρ)
116 880 302 944 Spiritus
331 881 467 928 sancti
499 881 869 944 supervenientem
899 881 944 926 in
977 898 1081 936 vos,
1111 892 1152 926 et
1187 882 1303 927 eritis
1334 881 1446 927 mihi

76 974 96 995 »
117 961 239 998 testes
265 951 383 1015 apud
405 953 661 1008 Jerusalem,
686 963 727 997 et
746 954 792 998 in
809 963 898 997 tota
921 952 947 996 J
954 951 1076 997 udaea
1101 963 1142 996 et
1162 953 1354 997 Samaria
1370 990 1380 1008 ,
1403 962 1444 997 ct

75 1042 96 1064 »
115 1038 250 1085 usque
271 1022 316 1067 in
340 1032 475 1068 totam
504 1021 703 1068 terram1.
727 1043 748 1064 ))
772 1023 885 1068 Ecce
918 1022 1055 1067 habes
1078 1022 1155 1067 ubi
1176 1039 1443 1069 commemo-

75 1091 187 1138 ravit
206 1092 453 1155 Discipulos
470 1092 797 1155 pollicitationis
816 1103 1027 1155 paternae,
1047 1109 1179 1155 quam
1198 1110 1245 1138 ex
1262 1110 1334 1138 ore
1353 1098 1444 1153 ejus

75 1160 300 1208 audierant
335 1161 388 1207 de
422 1162 589 1225 Spiritu
624 1172 772 1207 sancto
815 1172 1011 1208 venturo.
1062 1163 1189 1207 Nunc
1223 1163 1445 1209 videamus

74 1230 251 1296 quando
273 1232 327 1277 sit
351 1231 517 1278 missus.
547 1231 684 1277 Paulo
709 1242 811 1294 post
841 1232 954 1277 enim
980 1233 1173 1296 sequitur
1191 1270 1200 1288 ‚
1237 1244 1277 1277 et
1301 1233 1408 1278 dicit
1431 1251 1441 1277 ε

75 1323 98 1344 «
121 1303 174 1348 In
195 1302 270 1348 illo
302 1313 524 1366 tempore,
558 1319 646 1366 quo
681 1302 907 1365 suppletus
934 1314 996 1349 est
1021 1304 1111 1349 dies
1145 1306 1442 1360 P‹‘›ntecostes‚

76 1370 292 1418 »fuerunt
315 1389 462 1418 omnes
484 1372 632 1417 eadem
670 1373 932 1418 animatione
966 1374 1096 1419 simul
1127 1375 1173 1419 in
1209 1391 1343 1420 unum
1367 1393 1376 1419 ε
1405 1384 1447 1420 et

76 1463 98 1485 ›>
117 1441 259 1488 factus
283 1454 345 1488 est
368 1443 512 1488 subito
543 1443 595 1488 de
620 1443 733 1489 coelo
766 1460 921 1500 sonus,
953 1445 1076 1507 quasi
1109 1444 1290 1490 ferretur
1319 1445 1448 1490 ssatus

77 1533 100 1555 »
117 1511 365 1570 vehemens,
393 1524 434 1559 et
455 1513 652 1576 implevit
676 1524 818 1558 totuin
833 1514 956 1559 illum
971 1514 1115 1560 locum
1129 1552 1140 1570 ‚
1160 1515 1204 1560 in
1224 1532 1311 1578 quo
1329 1525 1448 1560 erant

78 1604 101 1625 >2
118 1582 308 1630 sedentes
329 1600 340 1628 :
368 1593 409 1628 et
426 1584 531 1630 visae
554 1594 653 1629 sunt
684 1583 766 1628 illis
794 1584 957 1643 linguae
983 1584 1132 1630 divisae
1156 1586 1279 1648 quasi
1309 1585 1446 1644 ignis,

79 1678 100 1699 »
117 1655 194 1718 qui
209 1664 251 1699 et
271 1653 428 1699 insedit
451 1670 580 1717 super
603 1670 958 1717 unumquemque
979 1655 1169 1702 illorum.
1208 1657 1258 1701 Et
1281 1655 1450 1718 impleti

79 1748 102 1770 »
119 1736 220 1772 sunt
238 1741 384 1770 omnes
405 1723 574 1786 Spiritu
600 1734 775 1780 sancto,
807 1734 848 1769 et
868 1736 1099 1788 coeperunt
1124 1726 1245 1789 loqui
1262 1727 1419 1786 linguis
1433 1764 1444 1781 ‚

80 1818 102 1841 »
119 1794 341 1860 quomodo
376 1794 565 1858 Spiritus
596 1793 729 1839 dabat
755 1794 814 1840 eis
839 1796 1135 1858 pronuntiare.
1172 1796 1449 1860 {ierosolymis

79 1888 101 1911 >>
123 1877 267 1913 autem
290 1865 467 1912 fuerunt
485 1865 733 1910 habitantes
758 1865 783 1909 J
789 1864 904 1910 udaei
926 1865 1124 1911 homines
1152 1884 1199 1911 ex
1228 1868 1346 1912 omni
1368 1884 1450 1911 na—

81 1962 102 1986 »
120 1941 263 1996 tione,
285 1954 386 2002 quae
412 1947 473 1982 est
492 1935 572 1982 sub
591 1934 719 1982 coelo,
755 1936 811 1980 Et
836 1952 938 1980 eum
964 1935 1076 1981 facta
1099 1948 1204 1982 esset
1226 1955 1306 1984 vox
1321 1974 1332 1994 ‚
1355 1936 1450 1982 col-

81 2032 104 2055 »
121 2011 232 2056 lecta
249 2019 311 2055 est
326 2008 457 2054 turba
470 2043 482 2063 ,
502 2016 544 2052 et
563 2005 740 2051 confusa
761 2015 822 2049 est
840 2022 850 2050 ε
871 2006 1078 2068 quoniam
1099 2007 1303 2052 audiebat
1322 2024 1450 2052 unus-

83 2081 304 2144 »quisque
349 2094 426 2123 suo
464 2092 657 2123 sermone
697 2085 738 2120 et
776 2074 861 2120 suis
900 2076 1056 2135 linguis
1096 2077 1320 2140 loquentes
1362 2094 1446 2123 cos,

83 2173 106 2195 ³>
126 2150 373 2213 Stupebant
393 2157 535 2193 autem
548 2183 558 2201 ‚
578 2156 619 2191 et
637 2145 933 2201 mirabantur,
957 2146 1011 2191 ad
1029 2147 1215 2194 invicem
1232 2148 1420 2193 dicentes
1439 2164 1450 2191 ι

85 2244 108 2264 »
124 2223 278 2268 Nonne
307 2235 453 2264 omnes
476 2217 552 2280 qui
573 2217 814 2280 loquuntur
830 2253 840 2272 ‚
864 2217 1037 2262 natione
1061 2228 1160 2263 sunt
1180 2218 1378 2264 Galilaei?
1401 2219 1454 2262 Et

86 2311 110 2334 ›>
126 2287 347 2354 quomodo
371 2286 642 2346 agnoscimus
665 2285 711 2331 in
736 2285 818 2331 illis
842 2302 1080 2332 sermonem
1100 2287 1146 2332 in
1165 2304 1252 2350 quo
1279 2288 1369 2332 nati
1388 2304 1456 2332 su-

87 2382 109 2403 »
125 2361 253 2406 mus?
279 2356 461 2412 Parthi,
489 2355 631 2412 Medi,
659 2355 882 2412 Elamitae,
908 2368 951 2402 et
981 2357 1058 2419 qui
1086 2357 1336 2402 inhabitant
1362 2358 1458 2401 Me-

87 2427 437 2493 »sopotamiam,
476 2425 725 2471 Armeniam
758 2437 800 2471 et
840 2426 1196 2489 Cappadociam,
1241 2428 1454 2482 Pontum,

87 2520 111 2543 »
127 2498 271 2546 Asiam
286 2533 297 2554 ‚
320 2495 561 2560 Phrygiam
577 2505 619 2542 et
636 2495 945 2559 Pamphyliam
964 2531 975 2551 ‚
1006 2498 1239 2560 AEgyptum
1257 2506 1299 2542 et
1315 2495 1459 2555 regio-

136 2582 148 2606 ²
168 2584 241 2616 Act.
257 2593 284 2625 x,
303 2581 397 2616 1-18.
