1795 3253
259 284 431 314 comma
470 283 671 313 FAusrvu
711 284 1010 318 aiauiciiffittu.
1055 287 1137 316 tia.
1186 289 1292 319 xm.
1378 278 1460 331 '4055

85 371 106 392 »
133 350 235 413 quia
255 350 352 396 veni
375 350 536 396 solvere
559 351 716 410 Legem
743 361 816 395 aut
840 351 1114 414 l'ropltcta33
1140 371 1229 399 non
1256 357 1352 401 veni
1376 357 1464 402 sol-

83 443 104 464 »
131 437 229 467 vere
245 458 256 475 ‚
280 421 354 467 'sed
373 421 612 485 adimplere
630 421 648 451 1
677 437 686 466 ε
714 443 732 463 n
763 422 842 467 nisi
865 421 1030 485 aliquid
1053 423 1132 469 tale
1151 429 1241 484 jam
1266 425 1459 485 fecisset,

85 501 134 538 ut
157 492 201 538 in
228 492 344 538 hanc
373 493 663 556 suspicionem
691 503 834 557 posset
856 494 1034 539 venire?
1072 495 1207 551 Quasi
1234 513 1311 542 nos
1333 515 1463 558 nege—

83 571 180 608 mus
198 562 368 609 <ludaeis
393 580 482 609 non
499 563 842 624 intelligentibus
867 563 1005 609 videri
1028 565 1216 627 potuisse
1240 567 1463 614 (Lhristum

83 632 402 679 destructorem
422 635 549 694 Legis
568 644 609 680 et
627 635 948 698 Prophetarum
978 650 989 679 ε
1018 635 1090 680 sed
1112 635 1198 681 hoc
1218 637 1229 681 i
1236 655 1313 700 psu
1323 656 1362 683 m
1383 650 1462 691 ρετ,

85 712 164 748 cur
181 700 254 750 ille
277 721 403 751 verax
431 715 474 750 et
495 706 651 751 veritas
675 721 762 751 non
798 706 991 768 potuerit
1025 706 1077 751 de
1103 708 1185 752 alia
1210 710 1320 768 Lege
1348 720 1389 754 et
1412 711 1466 756 de

87 772 179 819 aliis
200 768 437 838 Prophetis
462 774 606 821 dicere
625 812 637 832 ‚
657 774 776 839 quod
796 790 867 821 eos
887 790 974 821 non
1005 776 1212 833 solveret,
1243 779 1320 824 nisi
1342 778 1395 825 de
1418 781 1468 825 iis

16 886 18 888 .
85 851 196 907 quos
217 844 280 890 illi
303 861 403 890 eum
443 845 609 891 solvere
643 846 994 909 suspicabantur.
1038 848 1169 903 Quod
1196 848 1301 894 hinc
1337 851 1467 896 etiam

87 914 187 961 satis
209 916 500 961 confirmatur
515 953 525 972 ,
550 917 650 980 quia
674 917 738 962 ihi
759 917 955 981 sequitur
971 955 983 974 ,
1012 928 1053 962 et
1077 917 1182 963 dicit
1224 937 1233 964 :
1259 942 1279 960 a
1300 921 1435 967 Amen
1455 959 1465 978 ‚

88 1005 110 1027 >2
135 1002 260 1031 amen
283 985 384 1032 dico
407 987 533 1032 vobis
553 1024 563 1043 ‚
593 987 732 1033 donec
761 997 945 1034 transeat
967 988 1129 1034 coelum
1155 999 1195 1035 et
1219 1000 1325 1036 terra
1347 1029 1356 1047 ,
1381 992 1469 1037 iota

89 1077 110 1100 >2
134 1070 270 1103 unum
288 1096 299 1115 ,
323 1068 397 1104 aut
418 1071 530 1105 unus
565 1077 671 1123 apex
693 1075 779 1106 non
799 1062 973 1106 transiet
991 1060 1043 1106 de
1061 1063 1173 1121 Lege
1192 1100 1201 1117 ‚
1223 1062 1359 1109 donec
1380 1081 1470 1109 om-

88 1148 111 1170 »
136 1128 208 1174 nia
232 1129 355 1176 fiant.
388 1129 669 1193 Quicumque
693 1147 792 1191 ergo
826 1130 1001 1177 solverit
1026 1146 1161 1177 unum
1186 1149 1233 1177 ex
1256 1134 1471 1179 mandatis

89 1220 112 1242 »
136 1199 226 1245 istis
249 1199 440 1246 miniinis
458 1237 468 1256 ‚
493 1204 534 1246 e't
558 1200 756 1247 docuerit
776 1202 835 1247 sic
861 1201 1057 1248 homines
1073 1239 1084 1258 ,
1109 1203 1313 1250 minimas
1336 1221 1472 1251 voca-

89 1284 112 1313 »
133 1269 256 1316 bitur
278 1270 324 1316 in
346 1283 476 1331 regno
504 1271 719 1317 coelorum
743 1286 753 1317 τ
773 1274 1042 1336 quicumque
1067 1283 1209 1318 autem
1234 1274 1404 1331 fecerit,
1430 1286 1471 1321 et

91 1362 112 1385 >³
137 1342 197 1387 sic
211 1340 425 1393 docuerit,
443 1341 518 1387 hic
532 1360 711 1402 magnus
729 1344 963 1390 vocabitur
980 1344 1025 1389 in
1045 1361 1174 1403 regno
1193 1345 1471 1394 coelorum2.„

90 1411 336 1458 Pharisaeos
352 1413 466 1458 enim
488 1413 708 1473 cogitabat
727 1451 737 1467 ,
771 1430 872 1458 cum
900 1414 980 1458 ista
1008 1413 1168 1459 diceret
1187 1451 1197 1469 ‚
1230 1415 1305 1477 qui
1330 1415 1469 1461 solve-

91 1482 202 1528 bant
225 1482 384 1542 Legem
408 1481 532 1528 factis
553 1521 563 1538 ,
591 1494 631 1529 et
650 1484 868 1529 docebant
892 1484 1049 1531 verbis.
1091 1486 1155 1529 De
1182 1486 1354 1548 'quibus
1389 1486 1473 1532 alio

92 1552 190 1600 loco
214 1553 323 1599 dicit
350 1571 360 1598 :
385 1575 406 1596 «
431 1554 545 1611 Quae
581 1554 763 1601 dicunt.
794 1553 947 1609 Ricite3
977 1571 1076 1618 quae
1102 1565 1243 1601 autem
1272 1554 1439 1602 faciunt
1461 1595 1470 1612 ‚

93 1644 116 1666 >³
139 1623 280 1670 facere
301 1624 434 1670 nolite
462 1642 472 1670 z
501 1624 656 1671 dicunt
688 1625 799 1670 enim
823 1661 833 1681 ,
861 1635 903 1670 et
929 1641 1017 1670 non
1039 1623 1207 1670 faciunt
1222 1625 1254 1672 3.
1277 1648 1296 1667 υ
1327 1628 1474 1688 Prop-

97 1705 210 1740 terea
229 1705 271 1741 et
293 1695 369 1741 hic
393 1695 588 1760 sequitur
613 1714 623 1741 ε
642 1696 785 1741 «Dico
812 1696 924 1740 enim
951 1695 1076 1737 vobis
1091 1728 1101 1746 ‚
1122 1696 1203 1736 nisi
1222 1694 1470 1740 abundave-

96 1786 118 1808 »
142 1765 199 1810 rit
208 1763 375 1824 justitia
391 1773 531 1810 vestra
544 1762 787 1826 plusquam
808 1762 1061 1807 Scribarum
1079 1772 1120 1807 et
1134 1761 1471 1820 Pharisaeorum,

97 1857 119 1878 ))
142 1852 232 1881 non
250 1834 469 1880 intrabitis
487 1833 532 1879 in
546 1849 727 1893 regnum
742 1831 958 1878 coelorum
981 1849 991 1876 ε
1015 1852 1035 1873 ›>
1054 1831 1100 1876 id
1118 1842 1197 1884 est,
1221 1833 1302 1878 nisi
1319 1851 1393 1880 vos
1408 1834 1474 1880 fe-

99 1905 243 1952 ceritis
265 1915 308 1951 et
329 1904 390 1950 ita
409 1903 646 1950 docueritis
667 1938 678 1959 ‚
707 1901 828 1965 quod
851 1901 916 1947 illi
939 1918 1027 1947 non
1054 1901 1223 1948 faciunt
1245 1914 1287 1949 et
1309 1905 1368 1950 sic
1391 1905 1475 1951 do-

100 1987 226 2032 cent,
253 1991 342 2021 non
364 1974 584 2020 intrabitis
618 1974 664 2019 in
702 1989 879 2032 regnum
907 1971 1169 2019 coelorum-'k
1201 1974 1345 2030 Quam
1376 1992 1474 2036 ergo

100 2048 260 2107 Legem
285 2045 505 2091 docebant
533 2043 748 2090 Pharisaei
769 2054 811 2088 et
834 2060 919 2088 non
939 2042 1182 2097 faciebant,
1206 2044 1344 2107 ipsam
1370 2046 1477 2092 dicit

105 2117 307 2163 Christus
328 2133 417 2162 non
435 2133 476 2162 se
497 2115 659 2161 venisse
683 2114 844 2160 solvere
863 2151 874 2170 ,
891 2112 963 2158 sed
985 2112 1220 2176 adimplere
1241 2132 1250 2159 :
1271 2115 1371 2178 quia
1386 2117 1476 2180 ipsa

103 2187 291 2252 pertinet
313 2187 368 2233 ad
394 2185 649 2232 cathedram
673 2183 811 2247 Moysi
827 2221 837 2235 ,
865 2183 910 2228 in
933 2200 1018 2248 qua
1037 2182 1228 2229 sedentes
1247 2185 1475 2236 Pharisaei„

105 2269 148 2304 et
171 2258 361 2304 dicentes
386 2274 466 2302 nec
490 2256 718 2310 facientes,
747 2254 951 2300 audiendi
978 2264 1077 2299 sunt
1093 2292 1102 2310 5
1137 2272 1223 2300 non
1260 2256 1472 2303 imitandi.

170 2329 247 2375 Vl.
275 2328 365 2374 Nec
390 2326 591 2387 intelligit
612 2328 817 2381 Faustus,
848 2335 921 2370 aut
942 2323 1052 2370 forte
1079 2341 1120 2369 se
1145 2325 1270 2384 fingit
1293 2343 1379 2371 non
1410 2329 1481 2373 in—

110 2398 294 2458 telligere
309 2435 320 2454 ,
343 2397 452 2461 quid
476 2398 530 2444 sit
551 2396 731 2460 implere
749 2397 902 2456 Legem
924 2415 935 2449 3
957 2412 1060 2441 cum
1080 2394 1165 2440 hoc
1186 2395 1480 2443 dex-orborum

109 2469 350 2530 adjectione
367 2478 497 2531 putat
516 2466 841 2530 accipiendum,
860 2465 962 2529 quia
980 2465 1189 2527 scriptum
1209 2476 1287 2521 est,
1312 2469 1484 2531 nequid

111 2539 300 2586 addatur
325 2539 569 2601 Scripturae
588 2538 667 2582 Dei
687 2574 698 2595 ,
729 2536 796 2583 vel
819 2535 1076 2582 detrahatur
1097 2553 1107 2579 τ
1134 2534 1247 2580 unde
1271 2535 1378 2582 dicit
1397 2555 1484 2585 non

158 2623 169 2644 ¹
191 2621 308 2655 Manli.
331 2633 375 2659 xx,
395 2633 445 2662 17.
464 2639 506 2645 --
522 2618 720 2655 21tid.13.
743 2638 787 2644 —
805 2617 888 2652 31d.
906 2629 983 2657 xxv,
1002 2620 1032 2652 3.
1054 2636 1097 2643 -
1114 2614 1129 2640 ⁴
1146 2617 1194 2651 Id.
1218 2628 1244 2657 v,
1267 2628 1318 2652 20.
