1795 3253
280 243 456 276 comm
489 243 693 276 rAus‘rtm
729 241 1032 282 mmcuffiunr,
1070 241 1160 273 mn.
1201 242 1283 274 ΧΠ.
1391 227 1483 284 343

110 320 236 366 rant,
264 326 383 355 nunc
403 312 497 370 jam
518 317 744 373 perempta
766 305 935 351 feritate
962 305 1186 352 dulcedini
1212 305 1486 367 Evangelicae

110 380 408 445 praedicandae
447 381 576 426 ctiam
613 378 882 425 munimenta
921 378 1145 440 praebere?
1179 377 1298 434 Quid
1322 388 1384 423 est
1414 377 1488 424 illa

110 450 266 497 mulier
281 450 411 514 plena
435 450 612 497 fiduciae
626 448 663 506 1,
684 448 821 495 hostis
845 457 1042 511 tempora
1060 448 1179 508 ligno
1202 449 1456 509 transfigens
1474 486 1485 504 ‚

110 520 191 566 nisi
217 520 322 566 fides
342 519 565 576 Ecclesiae,
589 536 719 566 cruce
731 518 898 565 Christi
916 536 1043 578 regna
1060 517 1227 564 diaboli
1243 519 1489 582 perimens?

113 590 233 647 Quid
257 591 394 637 vellus
418 591 696 655 complutum
719 606 814 635 area
835 588 992 646 sicca2‚
1021 600 1062 634 et
1093 599 1242 652 postea
1266 590 1492 653 compluta

113 679 207 707 area
225 661 341 707 sicco
360 661 531 718 vellere,
568 662 650 707 nisi
667 662 811 725 primo
838 677 922 705 una
939 678 1040 720 gens
1066 660 1376 716 Hebraeorum,
1406 661 1488 707 ha-

110 732 217 778 bens
234 731 404 778 occulte
422 733 468 778 in
481 731 638 778 sanctis
655 730 905 795 mysterium
927 731 1024 786 Dei,
1047 730 1166 794 quod
1188 741 1250 776 est
1267 730 1487 788 Christus,

108 819 198 866 quo
217 803 421 866 mysterio
442 814 556 848 totus
575 802 692 849 orbis
709 818 871 849 vacuus
888 812 981 847 erat
999 821 1010 855 3
1039 818 1158 846 nunc
1177 812 1319 847 autem
1335 801 1382 847 in
1396 820 1490 848 ma-

111 872 382 918 nifestatione
404 883 520 919 totus
544 873 661 918 orbis
684 872 731 918 id
753 872 913 929 habet,
943 871 1017 918 illa
1035 882 1222 917 vacuata
1245 882 1322 918 est.

174 943 387 991 XXXIII.
419 943 540 1001 Quid
571 946 666 1004 jam
688 944 859 1004 Regum
881 941 1152 1006 temporibus
1171 941 1213 997 3,
1243 952 1292 987 ut
1322 953 1364 988 et
1386 941 1488 989 inde

110 1030 252 1077 pauca
269 1031 604 1060 commemorem
622 1051 633 1069 ‚
665 1030 807 1059 nonne
832 1013 888 1059 ab
916 1012 1012 1078 ipso
1043 1012 1216 1058 exordio
1245 1025 1488 1060 commuta-

112 1095 204 1130 tum
225 1085 517 1133 sacerdotium
530 1085 576 1130 in
595 1085 841 1131 Samuelem
850 1121 861 1141 ,
884 1085 1120 1148 reprobato
1142 1085 1281 1143 Heli³7
1298 1096 1339 1131 et
1362 1103 1489 1132 com-

111 1166 330 1201 mutatum
353 1173 535 1216 regnum
570 1156 616 1201 in
654 1155 797 1201 David
813 1193 824 1212 ‚
874 1156 1109 1220 reprobato
1135 1156 1265 1202 Saule
1279 1195 1291 1213 ,
1335 1156 1494 1204 clamat

109 1226 416 1290 praenuntiari,
433 1244 596 1273 novum
620 1226 908 1273 sacerdotium
934 1244 1183 1291 novumque
1202 1245 1401 1288 regnum,
1419 1247 1491 1275 re-

111 1298 298 1361 probato
324 1308 465 1344 vetere
479 1298 599 1362 quod
618 1299 774 1344 umbra
789 1309 880 1345 erat
900 1297 1056 1354 futuri,
1079 1299 1123 1344 in
1142 1300 1330 1346 Domino
1346 1311 1493 1347 nostro

111 1368 214 1414 Jesu
245 1368 421 1415 Christo
443 1372 710 1415 venturum?
735 1370 889 1415 Nonne
906 1370 998 1433 ipse
1019 1370 1162 1416 David
1178 1370 1215 1427 5,
1237 1388 1337 1417 cum
1358 1390 1492 1436 panes

111 1440 426 1507 propositionis
446 1440 751 1497 manducavit,
790 1458 901 1505 quos
924 1458 1014 1487 non
1045 1441 1207 1488 licebat
1229 1442 1497 1490 manducare

111 1511 193 1561 nisi
209 1511 308 1557 solis
331 1511 630 1558 sacerdotibus
649 1549 662 1568 ‚
701 1512 748 1559 in
773 1529 860 1558 una
885 1530 1068 1576 persona
1101 1523 1337 1578 utrumque
1367 1513 1494 1561 sutu-

111 1599 227 1637 rum,
254 1581 301 1628 id
321 1593 400 1639 est,
427 1582 472 1628 in
492 1599 579 1629 uno
611 1583 715 1629 Jesu
739 1583 917 1629 Christo
941 1601 1123 1644 regnum
1144 1595 1186 1629 et
1202 1584 1495 1632 sacerdotium

111 1653 342 1712 figuravit?
371 1653 525 1699 Nonne
542 1670 644 1699 cum
669 1652 819 1700 decem
859 1654 1000 1700 tribus
1033 1672 1056 1699 a
1089 1654 1253 1718 templo
1283 1668 1492 1719 separatae

111 1733 212 1768 sunt
247 1733 290 1769 et
312 1723 414 1770 duae
446 1723 666 1770 derelictae
686 1724 723 1781 ⁶,
743 1725 844 1770 satis
867 1724 1035 1771 indicat
1058 1725 1178 1790 quod
1203 1726 1257 1772 de
1283 1737 1370 1773 tota
1398 1728 1493 1792 ipsa

111 1794 251 1840 Gente
274 1795 508 1858 Apostolus
531 1795 618 1841 ait:
658 1817 679 1838 c<
700 1796 916 1860 Reliquiae
949 1815 1030 1861 per
1061 1797 1314 1845 electionem
1342 1800 1492 1860 gratiae

110 1887 134 1910 »
155 1865 285 1911 salvae
305 1865 434 1912 factae
457 1877 558 1911 sunt
574 1865 609 1913 7.
627 1887 648 1908 ›>

176 1936 379 1983 XXXIV.
413 1937 613 1982 Pascitur
634 1935 767 1991 Elias,
791 1947 987 2001 tempore
1011 1936 1136 1984 famis
1153 1976 1164 1996 ‚
1205 1940 1346 1986 corvis
1364 1957 1491 1987 mane

111 2007 391 2053 afferentibus
417 2024 577 2070 panem
599 2044 609 2062 ‚
641 2017 683 2053 et
707 2005 762 2052 ad
782 2024 1005 2071 vesperam
1031 2009 1212 2055 carnes8
1235 2027 1247 2055 :
1271 2020 1314 2056 et
1342 2010 1386 2054 M
1392 2010 1489 2056 ani-

110 2077 225 2123 chaei
242 2095 330 2123 nou
352 2077 600 2139 intelligunt
615 2077 659 2123 in
680 2077 765 2123 illis
783 2078 927 2125 Libris
947 2079 1193 2137 Christum,
1211 2081 1282 2127 cui
1295 2081 1489 2145 quodam

110 2148 242 2194 modo
257 2148 439 2194 salutem
463 2159 655 2195 nostram
687 2148 892 2196 esurienti
928 2152 1194 2198 confitentur
1219 2163 1488 2216 peccatore5‚

111 2218 242 2265 fidem
264 2219 479 2283 primitias
519 2220 696 2284 spiritus
723 2236 840 2266 nunc
873 2220 1100 2279 habentes,
1124 2222 1171 2268 in
1201 2224 1287 2269 fine
1322 2234 1485 2280 autem,

109 2289 230 2336 velut
252 2290 308 2336 ad
334 2308 556 2355 vesperam
576 2290 725 2337 saeculi
740 2328 751 2345 ,
775 2291 904 2338 etiam
933 2293 1076 2339 carnis
1109 2294 1484 2341 resurrectionem.

112 2360 302 2411 Mittitur
325 2362 440 2408 Elias
460 2361 704 2426 pascendus
729 2360 784 2407 ad
818 2362 1099 2424 alienigenam
1129 2364 1307 2411 viduam
1329 2365 1366 2418 9,
1387 2381 1487 2428 quae

157 2455 170 2479 ¹
185 2455 438 2490 Judic.1v.--2
456 2458 503 2490 ld.
524 2469 571 2499 vr,
602 2459 716 2497 37.—
731 2453 745 2479 3
772 2468 786 2487 ι
805 2460 885 2500 Reg.
900 2471 954 2498 ιιι,
983 2471 1033 2493 12.
1053 2479 1099 2486 —
1116 2457 1131 2483 4
1148 2461 1195 2492 Id.
1209 2472 1277 2498 xvi,
1296 2462 1347 2498 13,
1377 2467 1428 2497 ¹4·
1444 2478 1490 2486 -

109 2506 191 2540 ⁵1³.
211 2521 250 2547 11,
267 2510 300 2542 6.
317 2526 360 2535 —
377 2507 393 2532 ⁶
410 2513 428 2543 3
443 2513 522 2554 Reg.
539 2521 600 2548 xn,
626 2511 677 2549 16,
694 2522 744 2551 17.
758 2508 832 2536 —7
850 2515 945 2545 Rom.
962 2525 1006 2553 xi,
1024 2515 1055 2545 5.
1076 2532 1119 2538 —
1138 2511 1154 2536 ⁸
1173 2516 1191 2546 3
1206 2517 1284 2556 fleg.
1302 2525 1381 2551 nvn,
1398 2515 1429 2546 6.
1446 2532 1488 2537 -

108 2560 224 2595 ⁹1bid.
242 2575 277 2605 9.
