1795 3253
318 349 378 398 70
741 348 776 378 S·
818 347 1062 380 AUGUSTINI
1096 348 1297 379 EPISCOPI

319 424 395 461 aut
426 413 520 459 illas
543 423 695 459 natura
727 413 860 460 malas
885 431 993 471 esse,
1021 424 1095 460 aut
1125 415 1224 459 istas
1255 430 1472 462 summum
1502 417 1683 465 bonum.

320 484 432 531 Fieri
454 483 567 529 enim
600 494 743 547 potest
778 495 825 529 ut
863 485 1043 549 propria
1073 484 1160 530 illa*
1199 484 1420 531 voluntate
1448 486 1693 550 appetendo

318 553 439 618 quod
465 571 550 600 non
575 554 764 610 licebat,
803 554 888 600 hoc
924 566 985 600 est
1001 593 1011 611 ‚
1052 553 1277 618 peccando
1296 592 1306 610 ‚
1346 572 1393 600 ex
1417 556 1543 602 bonis
1566 556 1694 603 factae

317 627 406 673 sint
427 624 554 670 malae
571 661 581 680 ‚
619 641 852 687 rursusque
875 625 968 670 fieri
994 625 1161 689 possint
1183 661 1194 679 ,
1223 623 1295 669 sed
1327 625 1387 670 sic
1412 636 1460 671 ut
1498 626 1695 689 quandiu

318 707 498 744 manent
516 696 560 741 in
578 706 756 759 peccato
776 733 786 751 ‚
807 695 859 741 ad
874 712 960 741 sese
980 696 1079 742 alias
1102 695 1273 741 occulta
1289 696 1479 759 quadam
1503 697 1697 743 suasione

316 768 564 815 traducant.
597 766 761 812 Deinde
789 777 836 812 ut
859 767 1036 812 omnino
1061 767 1191 812 malfe
1212 783 1298 811 non
1322 768 1432 824 sint,
1459 768 1531 814 sed
1554 768 1599 813 in
1620 784 1696 814 suo

320 855 495 901 genere,
519 837 718 902 quamvis
737 837 936 883 inferiore
952 875 962 893 ‚
992 854 1100 901 opus
1125 837 1349 900 proprium
1374 838 1462 884 sine
1481 838 1570 884 ullo
1590 856 1698 902 pec-

322 920 422 956 cato
445 918 666 955 exerceant
693 926 703 952 ε
729 908 823 954 istae
859 918 1001 954 autem
1030 908 1270 971 superiores
1293 909 1456 971 quibus
1487 909 1700 955 actionem

322 981 450 1041 longe
489 979 828 1042 praestantiorem
867 995 1009 1024 rerum
1041 977 1303 1023 moderatrix
1333 979 1501 1039 justitia
1533 996 1702 1025 summa

326 1050 564 1106 tribuerit,
594 1049 627 1094 51
662 1048 756 1094 illas
785 1048 1006 1094 inferiores
1030 1048 1147 1112 sequi
1179 1059 1221 1094 et
1250 1049 1411 1095 imitari
1450 1049 1666 1097 voluerint
1687 1087 1698 1106 ‚

326 1120 555 1186 peccando
571 1121 683 1165 fiunt
696 1120 822 1165 malae
835 1157 846 1175 ,
868 1137 957 1165 non
974 1119 1075 1183 quia
1099 1119 1249 1176 11101115,
1264 1119 1334 1166 sed
1349 1119 1449 1183 quia
1467 1119 1578 1165 male
1602 1119 1705 1165 imi-

326 1202 489 1238 tantur.
522 1190 589 1237 Ab
612 1190 696 1235 illis
718 1190 833 1235 enim
859 1191 999 1249 agitur
1022 1190 1270 1254 proprium.
1294 1191 1350 1235 ab
1374 1190 1462 1236 istis
1483 1190 1706 1254 appetitur

330 1263 516 1310 alienum
538 1279 549 1306 ε
575 1260 691 1306 unde
707 1260 793 1306 illae
810 1261 855 1306 in
872 1278 948 1306 suo
960 1261 1098 1321 gradu
1118 1271 1313 1317 manent,
1327 1261 1420 1307 istae
1438 1260 1706 1307 adinferiora

327 1331 737 1394 merguntur.Velut
753 1348 855 1377 cum
875 1331 1074 1378 homines
1094 1331 1229 1377 ferina
1251 1342 1483 1379 sectantur.
1514 1331 1707 1377 Pulchre

328 1420 520 1467 namque
542 1401 703 1448 incedit
721 1401 1060 1465 quadrupedans
1078 1419 1215 1465 equus
1232 1420 1242 1447 :
1261 1412 1303 1448 at·
1322 1403 1356 1448 si
1379 1402 1465 1448 1100
1488 1403 1622 1448 110010
1638 1419 1710 1465 pe·

330 1476 461 1522 dibus
483 1474 772 1536 manibusque
790 1472 1001 1529 imitetur,
1029 1473 1127 1537 quis
1149 1490 1248 1519 eum
1273 1473 1340 1520 vel
1358 1473 1583 1537 palearum
1606 1473 1708 1519 cibo

331 1546 513 1606 dignum
531 1546 684 1608 putet?
704 1544 838 1589 Recte
856 1543 987 1603 igitur
1010 1543 1269 1607 plerumque
1293 1544 1595 1607 improbamus
1614 1543 1711 1589 imi-

330 1627 496 1664 tantem
517 1653 527 1672 ,
558 1631 661 1660 011111
687 1631 785 1659 01101
811 1630 939 1677 quem
962 1614 1158 1660 imitatur
1182 1615 1433 1678 probemus.
1476 1615 1712 1679 Improba-

328 1704 427 1735 mus
452 1696 595 1732 autem
610 1722 621 1741 ,
642 1701 732 1730 non
755 1684 857 1747 quia
880 1701 967 1730 non
987 1685 1289 1741 sitassecutus‚
1312 1685 1385 1730 sed
1408 1685 1511 1749 quia
1532 1685 1710 1731 omnino

335 1757 503 1822 assequi
521 1754 674 1802 voluit.
699 1755 750 1799 In
776 1771 887 1817 equo
907 1755 1021 1800 enim
1047 1755 1288 1818 probamus
1309 1755 1450 1811 illud,
1474 1755 1546 1801 cui
1566 1772 1712 1819 quan-

334 1841 431 1875 tum
466 1825 768 1891 praeponimus
805 1825 1029 1871 hominem
1045 1863 1055 1882 ‚
1103 1835 1271 1871 tantum
1305 1825 1566 1872 offendimur
1593 1825 1713 1890 quod

335 1899 536 1948 inferiora
564 1907 765 1943 sectatur.
792 1894 912 1953 Quid
927 1896 1038 1942 inter
1057 1897 1172 1960 ipsos
1185 1897 1400 1953 homines,
1422 1896 1714 1943 inemittenda

336 1987 445 2018 voce
463 1985 607 2015 nonne
627 1967 746 2031 quod
758 1984 907 2031 praeco
922 1968 1032 2013 bene
1049 1968 1178 2025 facit,
1201 1968 1366 2014 etiamsi
1391 1968 1547 2014 clarius
1565 1986 1613 2014 ac
1627 1985 1714 2013 me-

338 2043 422 2090 lius
445 2040 490 2086 id
509 2039 639 2084 faciat
662 2048 831 2084 senator
854 2055 1083 2101 praecone,
1105 2039 1280 2085 insanus
1298 2042 1389 2085 est?
1405 2039 1609 2085 Coelestia
1627 2056 1715 2085 sus-

334 2114 475 2176 cipe.
498 2109 646 2155 lucens
668 2107 773 2153 luna
795 2108 1017 2158 laudatur
1044 2125 1209 2172 suoque
1235 2124 1367 2155 cursu
1395 2120 1524 2172 atque
1547 2109 1716 2155 vicibus

339 2185 452 2230 bene
474 2178 851 2227 considerantibus
867 2179 966 2224 satis
985 2162 1164 2242 placet:
1189 2190 1334 2225 tamen
1353 2179 1387 2225 51
1405 2197 1499 2225 eam
1527 2179 1589 2224 sol
1613 2171 1718 2225 velit

339 2252 500 2301 imitari
521 2251 766 2314 (fingamus
784 2249 896 2295 enim
920 2266 1018 2295 eum
1042 2267 1165 2313 posse
1182 2250 1345 2296 habere
1364 2249 1617 2310 huJ'usmodi
1642 2267 1668 2295 1
1672 2266 1717 2295 0-

341 2322 547 2384 luntates)
572 2358 582 2378 ‚
611 2320 681 2366 cui
700 2336 788 2366 non
806 2337 973 2366 summe
997 2338 1046 2366 ac
1059 2325 1156 2381 jure
1181 2321 1440 2384 displiceat?
1466 2321 1528 2365 Ex
1555 2320 1718 2384 quibus

340 2394 451 2444 illud
469 2404 531 2440 est
547 2431 557 2450 ‚
576 2392 696 2456 quod
714 2391 894 2452 intelligi
907 2392 1022 2439 1010.
1047 2394 1188 2439 Etiam
1208 2393 1243 2438 si
1263 2402 1363 2438 sunt
1378 2393 1533 2438 animae
1547 2391 1565 2421 ¹
1580 2391 1717 2455 (quod

337 2466 512 2514 interim
533 2465 747 2510 incertum
770 2464 851 2526 est)
866 2501 876 2519 ,
905 2465 1123 2528 corporeis
1140 2464 1290 2510 officiis
1306 2481 1392 2509 non
1415 2473 1596 2527 peccato
1612 2501 1622 2519 ,
1644 2462 1718 2508 sed

339 2549 496 2586 natura
522 2534 681 2581 deditae
697 2573 707 2592 ,
728 2552 907 2598 nosque,
930 2552 1182 2600 quanquam
1205 2536 1289 2581 51111
1308 2534 1529 2581 inferiores
1546 2572 1557 2587 .,
1575 2534 1719 2597 aliqua

342 2620 489 2656 tamen
510 2602 712 2653 interiore
728 2604 948 2654 vicinitate
965 2606 1226 2668 contingunt
1246 2644 1257 2665 ‚
1288 2622 1377 2653 non
1398 2605 1493 2652 illas
1512 2605 1610 2652 ideo
1623 2621 1719 2651 ma·-

390 2692 403 2719 ¹
425 2705 437 2725 1
460 2695 551 2726 Retr.
569 2702 622 2724 xv.
