1795 3253
293 313 467 345 CONTRA
505 313 707 343 unsrun
741 312 1046 354 MAMCHAEUM,
1086 313 1171 343 mu.
1213 312 1342 342 xviii.
1418 294 1512 357 469

133 380 386 428 nominibus
401 379 696 426 enuntiantur.
714 378 852 424 Porro
870 379 1098 424 Januarius
1112 396 1134 423 a
1146 381 1255 424 Jano
1269 374 1514 440 appellatus

133 466 218 511 cst,
236 453 496 500 Februarius
526 470 548 497 a
568 451 746 498 Fchruis
762 451 895 498 sacris
919 450 1382 516 LupercorumNultis
1409 465 1510 509 ergo

135 537 183 573 ut
201 536 243 572 et
260 542 335 570 vos
366 524 575 570 dicamini
602 524 647 569 in
668 539 810 568 mense
840 524 1002 569 Martio
1031 525 1209 568 Martem
1233 521 1404 566 colere?
1432 519 1513 565 lllo

135 597 249 644 enim
279 612 420 641 mense
448 599 578 640 Bema
601 604 790 639 vestrum
823 610 925 639 cuin
955 611 1110 654 magna
1137 592 1364 638 festivitate
1401 589 1519 635 cele-

135 666 285 715 bratis.
313 666 357 712 Si
378 676 520 711 autem
539 665 664 711 vobis
685 665 728 710 in
747 681 890 710 mense
908 665 1067 710 Martio
1090 664 1217 709 licere
1244 659 1516 707 arbitramini

137 737 255 785 aliud
282 736 551 783 considerare
575 753 659 781 non
682 737 883 792 Martem,
913 753 992 782 cur
1011 753 1058 781 ex
1079 735 1148 780 die
1173 733 1374 797 septimo‚
1395 730 1518 795 quod.

135 808 368 856 sabbatum
391 825 414 852 a
430 808 578 871 requie
594 807 865 853 nominatum
885 817 964 863 est,
988 806 1145 853 divinis
1171 804 1407 867 Scripturis
1435 802 1519 847 Sa-

138 889 318 925 turnum
353 879 593 942 importare
630 878 846 924 conamini
868 914 878 933 ,
909 877 1012 941 quia
1048 893 1146 922 eum
1182 875 1298 921 diem
1339 871 1519 919 Saturni

138 960 280 1011 gentes
303 950 660 1013 appellaverunt?
684 950 847 1012 ‘Nempe
860 952 950 1009 jam
973 947 1129 996 videtis
1146 963 1245 992 cum
1265 942 1521 1009 quantaim-

137 1020 297 1084 pietate
313 1019 519 1067 deliretis.

204 1090 278 1137 VI.
304 1091 365 1136 De
390 1090 612 1136 sacrificiis
636 1100 779 1136 autem
809 1089 1058 1135 animalium
1083 1088 1179 1152 quis
1205 1097 1399 1133 nostrum
1424 1100 1522 1130 nes-

138 1159 242 1216 ciat,
257 1160 388 1219 magis
399 1177 447 1205 ea
457 1176 655 1223 perverso
667 1159 833 1223 populo
851 1170 1138 1219 congruenter
1154 1157 1356 1221 imposita
1367 1193 1377 1210 ‚
1389 1170 1522 1218 quarn

140 1232 233 1276 Deo
252 1230 512 1276 desideranti
536 1231 715 1276 oblata?
741 1230 825 1275 Sed
859 1240 1004 1275 tamen
1045 1230 1172 1274 etiam
1199 1228 1244 1273 in
1277 1227 1347 1272 his
1370 1227 1524 1286 figurae

141 1312 298 1346 nostrae
314 1300 490 1346 fuerunt
514 1318 524 1345 ι
547 1301 648 1364 quia
668 1311 814 1346 nostra
840 1300 1067 1345 mundatio
1088 1337 1098 1355 ‚
1126 1310 1168 1344 et
1191 1298 1269 1344 Dei
1302 1295 1523 1361 propitia-

143 1373 202 1418 tio
225 1372 351 1418 nobis
370 1373 459 1417 sine
488 1373 693 1431 sanguine
719 1371 838 1417 nulla
862 1382 936 1418 est.
981 1371 1065 1416 Sed
1086 1370 1257 1416 illarum
1284 1370 1525 1428 figurarum

142 1443 297 1488 veritas
325 1442 526 1487 Christus
540 1454 603 1487 est
624 1479 634 1498 ,
661 1445 787 1502 cujus
807 1442 1012 1502 sanguine
1037 1440 1252 1503 redempti
1265 1450 1306 1484 et
1325 1435 1526 1484 mundati

143 1529 303 1558 sumus.
331 1512 443 1557 Nam
464 1513 507 1558 in
528 1512 677 1573 figuris
697 1512 973 1575 eloquiorum
1005 1511 1254 1557 divinorum
1270 1546 1281 1565 ‚
1307 1520 1349 1554 et
1375 1519 1525 1553 taurus

144 1583 285 1630 dictus
302 1594 561 1647 estpropter
574 1584 779 1629 virtutem
801 1584 966 1638 crucisfl
995 1586 1120 1641 cujus
1138 1580 1344 1626 cornibus
1368 1577 1530 1641 impios

144 1653 394 1708 ventilavit3
415 1665 458 1699 et
476 1654 583 1699 aries
599 1691 609 1709 ‚
638 1664 820 1717 propter
845 1652 1107 1698 innocentiae
1129 1650 1460 1714 principatuum
1483 1658 1527 1694 ct

144 1724 311 1780 hircus,
324 1735 506 1788 propter
523 1723 850 1769 similitudinem
866 1723 1006 1768 carnis
1017 1721 1182 1786 peccati
1193 1758 1203 1776 ‚
1220 1731 1267 1765 ut
1281 1719 1333 1765 de
1346 1729 1527 1783 peccato

147 1794 373 1840 damnaret
417 1793 777 1858 peccatu111‘1:et
811 1793 982 1857 siquod
1011 1791 1128 1838 aliud
1154 1791 1356 1837 sacrificii
1395 1807 1529 1851 genus

146 1864 382 1929 expressius
406 1865 812 1911 commemoraveris
831 1901 842 1921 ,
870 1865 915 1909 in
932 1881 980 1908 eo
999 1879 1174 1926 quoque
1196 1860 1277 1906 tibi
1301 1861 1528 1906 Christum

147 1935 461 1998 prophetatum
477 1953 563 1981 esse
589 1935 856 1980 monstrabo.
886 1934 1107 1990 Quocirca
1124 1932 1210 1978 sive
1229 1931 1524 1987 circumcisio,

148 2005 235 2050 sive
248 2005 479 2051 sabbatum
495 2042 506 2061 ,
527 2005 612 2050 sive
631 2004 871 2049 differentia
908 2004 1109 2049 ciborum
1126 2039 1135 2058 ‚
1180 2002 1267 2047 sive
1287 2001 1529 2047 immolatio

150 2074 462 2121 sacrificiorum
481 2113 491 2131 ,
519 2075 663 2120 omnia
683 2074 777 2120 haec
799 2074 951 2133 figurae
975 2084 1135 2119 nostrae
1158 2072 1338 2118 fuerunt
1356 2083 1397 2117 et
1423 2089 1533 2135 pro-

150 2144 315 2210 plieliae
344 2164 353 2191 :
375 2164 483 2210 quas
499 2146 700 2191 Christus
718 2162 807 2190 non
831 2144 992 2190 solvere
1012 2181 1022 2200 ‚
1049 2143 1120 2190 sed
1134 2142 1370 2206 adimplere
1390 2143 1507 2188 venit
1522 2177 1534 2198 ‚

153 2233 254 2263 cum
275 2234 321 2263 ea
337 2235 438 2282 quae
456 2218 525 2263 his
548 2216 979 2282 praenuntiabantur,
999 2215 1214 2279 implevit.
1246 2213 1429 2259 Attende
1456 2215 1528 2260 cui

154 2287 458 2334 contradicas:
480 2306 582 2335 cum
608 2286 816 2351 Apostolo
856 2305 902 2332 ex
935 2286 1144 2351 Apostolo
1171 2285 1269 2331 dico
1292 2301 1303 2329 ι
1326 2306 1346 2326 <‹
1372 2285 1534 2331 Omnia

158 2378 178 2400 ›>
201 2357 299 2404 haec
319 2359 471 2419 figurae
498 2370 655 2405 nostrae
679 2357 901 2404 fuerunt2.
919 2380 939 2399 »

222 2429 323 2475 Vll.
353 2431 462 2475 Nam
497 2431 655 2476 sicutte
679 2425 1536 2492 Manichaeusimpiamdocuitperversi·

159 2509 289 2544 tatem
310 2536 321 2556 ‚
343 2511 390 2545 ut
413 2518 461 2546 ex
487 2499 718 2559 Evangelio
738 2536 748 2555 ‚
771 2499 891 2562 quod
920 2499 1115 2545 haercsim
1137 2508 1254 2543 tuam
1280 2514 1366 2541 non
1392 2497 1534 2559 impe-

159 2568 253 2626 dit,
278 2570 365 2617 hoc
394 2572 611 2636 accipian-3
638 2570 758 2634 quod
799 2581 942 2616 autem
966 2570 1173 2635 impedit‚
1200 2585 1289 2614 non
1314 2567 1532 2630 accipias:

161 2640 222 2687 sic
245 2658 321 2688 nos
347 2643 578 2708 Apostolus
597 2642 749 2688 docuit
766 2642 883 2706 piam
911 2642 1199 2708 provisionem
1219 2677 1229 2696 ,
1262 2649 1310 2686 ut
1341 2637 1537 2702 quisquis

211 2722 329 2759 tuom,
347 2737 419 2769 vm,
442 2727 471 2759 5.
491 2744 534 2750 --
554 2724 568 2747 Ἰ
588 2737 598 2757 1
622 2727 692 2758 Cor.
712 2736 741 2765 x,
762 2727 793 2755 6.
