1795 3253
210 323 384 355 CONTRA
417 317 716 352 FORTUNATUM
750 315 938 348 MANICu.
981 313 1246 347 DISPUTATIO
1281 313 1314 345 1.
1387 295 1448 343 83

81 390 182 437 duae
204 399 304 435 sunt
327 387 581 435 substantiae
612 385 658 430 in
681 383 768 429 boc
802 381 968 428 mundo
985 419 996 437 ‚
1025 398 1125 445 quae
1163 377 1389 444 speciebus
1415 387 1457 423 et

82 460 336 507 nominibus
359 468 587 513 constant,
615 472 800 519 quarum
823 465 885 499 est
906 470 992 498 una
1011 451 1206 516 corporis
1221 488 1232 506 ,
1255 449 1336 496 alia
1356 465 1458 495 vero

84 543 243 578 aeterna
263 531 404 577 Patris
427 527 735 592 omnipotentis
759 543 889 589 quam
916 523 995 570 Dei
1019 541 1103 569 esse
1129 521 1358 567 credimus.
1382 542 1403 562 >2

148 603 242 649 XV.
289 604 404 649 AUG.
436 601 566 647 dixit:
586 597 815 644 Contraria
831 597 909 642 ista
925 612 1024 659 quze
1046 605 1084 640 te
1102 603 1294 648 movent,
1322 602 1371 638 ut
1387 591 1461 638 ad-

84 690 205 720 versa
250 673 483 719 sentiamus
498 709 508 728 ‚
542 680 723 734 propter
762 678 994 731 peccatum
1028 676 1221 711 nostrum
1235 701 1246 721 ,
1288 663 1335 708 id
1372 675 1460 721 est,

84 753 265 807 propter
283 753 516 806 peccatum
539 739 731 786 hominis
747 737 1036 797 contigerunt.
1059 737 1174 782 Nam
1188 735 1335 780 omnia
1350 735 1467 780 Deus

85 825 126 859 61
159 814 275 859 bona
295 812 422 869 fecit,
452 822 494 857 et
517 811 627 856 bene
663 808 883 855 ordinavit
911 828 922 862 ς
946 817 1179 871 peccatum
1215 816 1358 851 autem
1379 822 1468 851 non

84 884 188 930 fecit
210 902 221 929 ε
244 894 285 929 61
297 884 384 929 1106
403 893 465 928 651
477 881 615 927 50111111
640 879 757 944 quod
777 880 938 926 dicitur
962 878 1126 926 malum
1141 916 1153 935 ,
1173 877 1470 924 voluntarium

86 964 533 1019 nostrumpeccatum.
552 953 629 998 Est
648 963 690 998 61
711 951 829 998 aliud
841 968 974 1012 genus
990 950 1110 1006 mali,
1126 949 1245 1015 quod
1261 960 1321 994 est
1334 966 1472 1012 poena

86 1025 271 1089 peccati.
305 1025 418 1070 Cum
441 1041 540 1084 ergo
567 1022 654 1068 duo
681 1023 765 1068 sint
789 1040 941 1082 genera
967 1022 1182 1067 malorum
1200 1058 1211 1077 ,
1239 1024 1473 1084 peecatum

88 1107 130 1142 et
148 1113 282 1160 poena
297 1095 469 1160 peccati
503 1112 514 1139 :
540 1105 771 1159 peccatum
789 1094 843 1140 ad
860 1094 998 1140 Deum
1019 1110 1108 1138 non
1126 1092 1314 1156 pertinet
1332 1107 1469 1156 poena

86 1167 258 1231 peccati
281 1166 336 1212 ad
359 1165 580 1213 vindicem
592 1166 794 1229 pertinet.
829 1165 1002 1210 Etenim
1022 1175 1070 1210 ut
1086 1164 1294 1208 bonusest
1311 1163 1448 1218 Deus,

89 1237 164 1300 qui
187 1237 334 1283 omnia
368 1236 614 1282 constituit:
644 1236 705 1282 sic
721 1239 865 1295 justus
890 1246 975 1292 est,
1004 1246 1052 1281 ut
1070 1234 1264 1282 vindicet
1294 1234 1339 1279 in
1362 1249 1474 1297 pec-

90 1321 251 1357 catum.
271 1311 386 1356 Cum
407 1327 507 1370 ergo
527 1309 671 1355 omnia
691 1310 854 1374 optime
870 1309 953 1354 sint
970 1309 1167 1354 ordinata
1187 1325 1288 1371 quae
1309 1307 1474 1353 viden-

89 1391 161 1426 tur
197 1380 323 1426 nobis
354 1397 472 1426 nunc
507 1380 687 1425 adversa
721 1397 806 1425 6556
820 1417 830 1434 ‚
872 1380 1023 1425 merito
1059 1381 1242 1440 contigit
1278 1377 1476 1423 hominis

89 1451 216 1515 lapsi,
229 1451 306 1515 qui
328 1450 463 1510 legem
478 1450 555 1495 Dei
569 1466 736 1495 servare
751 1450 905 1498 noluit.
930 1450 1096 1495 Animae
1112 1450 1228 1495 enim
1247 1447 1475 1504 rationali,

90 1539 190 1585 quae
214 1522 333 1567 estin
359 1520 562 1577 homine,
608 1520 728 1566 dedit
753 1522 867 1566 Deus
893 1521 1081 1566 liberum
1109 1521 1355 1566 arbitrium.
1394 1520 1468 1566 Sic

90 1593 204 1637 enirn
227 1602 370 1655 posset
389 1591 551 1636 habere
572 1590 772 1636 meritum
788 1629 798 1647 ‚
822 1591 856 1636 si
878 1591 1099 1637 voluntate
1117 1629 1128 1647 ‚
1167 1608 1256 1637 non
1288 1591 1478 1637 necessi-

91 1672 176 1707 tate
197 1662 305 1707 boni
323 1678 522 1707 essemus.
548 1660 662 1706 Cum
701 1678 801 1721 ergo
836 1672 1036 1725 oporteat
1059 1678 1148 1706 non
1189 1662 1442 1707 necessitate
1462 1700 1475 1719 ‚

93 1732 166 1777 sed
182 1731 406 1779 voluntate
422 1731 589 1776 bonum
615 1748 723 1786 esse,
746 1733 979 1794 oportebat
1004 1742 1052 1777 ut
1077 1734 1191 1777 Deus
1212 1733 1367 1778 animae
1390 1732 1474 1778 da-

97 1813 161 1847 ret
180 1802 367 1848 liberum
393 1801 639 1847 arbitrium.
670 1801 785 1847 Huic
811 1812 954 1847 autem
979 1802 1136 1847 animae
1155 1803 1477 1866 obtemperanti

93 1873 268 1933 legibus
287 1873 389 1929 suis,
412 1872 558 1918 omnia
571 1871 756 1931 subjecit
775 1873 862 1918 sine
882 1873 1153 1929 adversitate,
1175 1885 1224 1919 ut
1244 1875 1281 1920 ei
1298 1885 1472 1932 caetera,

93 1960 193 2007 quae
218 1945 330 1989 Deus
351 1942 569 1998 condidit,
595 1942 801 1988 servirent
818 1981 829 2000 ,
868 1944 901 1989 51
925 1954 965 1989 61
985 1944 1077 2007 ipsa
1104 1945 1193 1989 Deo
1218 1946 1373 1992 servire
1394 1964 1478 1993 vo-

94 2014 262 2060 luisset.
297 2014 343 2060 Si
368 2023 510 2059 autem
533 2013 627 2075 ipsa
654 2011 857 2058 noluisset
887 2015 978 2058 Deo
1005 2014 1161 2060 servire
1179 2052 1190 2070 ,
1215 2032 1263 2059 ea
1287 2032 1386 2078 quae
1413 2015 1478 2062 illi

95 2084 367 2141 serviebant,
391 2085 437 2129 in
461 2098 642 2146 poenam
657 2085 747 2141 ejus
763 2094 1128 2131 converterentur.
1152 2085 1297 2141 Quare
1316 2086 1475 2132 sirecte

96 2155 241 2200 omnia
260 2172 283 2199 a
315 2155 406 2200 Deo
428 2152 629 2199 ordinata
654 2164 778 2217 sunt,
800 2165 842 2200 et
858 2155 975 2200 bona
998 2166 1098 2201 511111
1113 2193 1124 2213 ,
1157 2166 1198 2201 61
1238 2157 1352 2202 1)6115
1384 2175 1474 2203 11011

96 2226 266 2289 patitur
290 2225 471 2272 malum.

164 2297 298 2343 FoaT.
323 2296 429 2342 dixit
451 2314 462 2341 :
491 2297 623 2342 «Non
646 2297 827 2360 patitur,
849 2297 923 2344 sed
950 2299 1164 2364 praevenit
1184 2299 1364 2347 malum.
1384 2321 1406 2343 2>

162 2367 281 2414 XVI.
328 2368 438 2415 ΑΗΘ.
462 2367 569 2414 dixit
590 2385 600 2413 z
629 2370 665 2414 A
685 2386 772 2432 quo
793 2368 906 2415 enim
925 2388 1128 2434 passurus
1147 2374 1265 2418 erat?

164 2440 294 2485 FonT.
325 2438 431 2484 dixit
453 2457 464 2485 ι
488 2460 510 2481 c<
528 2440 624 2486 Hoc
643 2457 787 2487 meum
806 2452 890 2496 est,
915 2439 1018 2506 quia
1040 2444 1280 2508 praevenire
1297 2442 1437 2497 voluit
1456 2461 1469 2490 ε

99 2525 188 2555 non
205 2520 388 2567 temere,
409 2510 481 2556 sed
509 2511 667 2557 virtute
703 2522 745 2557 et
786 2513 1072 2576 praescientia.
1114 2514 1331 2560 Caeterum
1364 2533 1475 2576 nega

100 2580 263 2626 malum
283 2592 440 2645 praeter
479 2583 619 2629 Deum
645 2600 759 2629 esse:
798 2601 898 2630 cum
939 2603 1019 2649 per
1047 2596 1268 2650 praecepta
1303 2586 1473 2634 ostendi

100 2662 264 2715 queunt
303 2652 404 2711 alia,
433 2669 533 2717 quae
559 2664 720 2718 praeter
741 2654 1010 2704 voluntatem
1029 2656 1166 2719 ipsius
1190 2657 1318 2704 fiunt.
1350 2658 1473 2704 Prae-
