1795 3253
244 265 420 297 CONTRA
454 264 655 298 FAusrUM
689 266 990 310 MANICHAEUM,
1028 270 1118 302 Lm.
1159 273 1233 304 xx.
1340 261 1431 324 509

67 329 152 376 Sed
175 330 345 378 interim
370 332 423 378 de
446 333 649 396 opinione
685 343 917 379 tractamus
935 371 945 389 ,
982 351 1082 398 quae
1101 337 1161 383 sic
1178 349 1219 383 01
1237 341 1433 401 Paganos

64 399 118 445 de
136 400 234 447 solis
252 402 423 448 cultura
439 402 604 459 fefellit,
633 413 680 448 ut
699 402 751 448 de
787 403 1110 466 Omnipotentis
1130 407 1320 458 ι13113003.
1347 412 1432 459 Sed

63 487 144 517 nec
162 483 353 518 vestrum
391 473 567 536 quidem
596 473 783 519 schisma
819 473 853 518 si
894 491 962 519 me
985 475 1155 529 dixeris,
1178 494 1325 525 verum
1346 493 1429 539 est,

63 542 261 604 quamvis
287 542 513 588 Christum
541 560 718 590 venerer
735 553 777 588 et
798 542 937 589 colam
960 561 970 589 ι
997 545 1097 608 quia
1120 546 1203 592 alio
1226 566 1323 595 eum
1345 552 1433 598 ritu

62 611 158 658 colo
183 623 225 658 et
250 612 331 659 alia
357 613 442 659 fide
456 631 588 678 quam
602 631 690 661 vos.
712 613 909 659 Schisma
921 630 1022 661 vero
1042 626 1113 662 aut
1128 617 1239 663 nihil
1262 620 1428 667 immu-

62 693 153 729 tare
170 683 313 729 ‘debet
340 684 395 730 ab
424 702 472 730 eo
498 685 612 731 unde
643 684 807 731 factum
827 696 905 741 est,
932 696 1004 731 aut
1026 704 1113 732 non
1139 688 1323 735 multum
1350 709 1359 736 :
1385 703 1433 737 ut

61 763 170 816 puta
187 771 285 808 vos,
309 754 387 818 qui
411 754 691 801 desciscentes
719 774 741 801 a
765 755 979 801 Gentibus
998 793 1008 812 ,
1039 759 1306 805 monarchiae
1328 762 1431 825 opi-

58 823 230 878 nionem
245 826 389 888 primo
412 826 638 872 vobiscum
652 825 903 881 divulsistis,
926 825 971 871 id
988 837 1066 881 est,
1091 838 1139 873 111
1160 830 1305 875 onmia
1326 848 1423 877 cre-

61 893 174 939 datis
200 911 247 940 ex
275 896 364 940 Deo
392 913 402 940 :
434 896 643 941 sacrificia
677 913 778 942 vero
815 912 963 941 eorum
991 897 1174 943 vertistis
1192 899 1236 944 in
1255 918 1427 964 agapes,

55 963 171 1010 idola
186 966 232 1010 in
258 966 487 1028 Martyres,
512 984 620 1030 quos
645 968 753 1013 votis
771 966 984 1012 similibus
1000 967 1141 1013 colitis
1162 986 1172 1013 :
1203 969 1432 1018 defuncto-

56 1051 153 1081 rum
167 1036 346 1082 umbras
360 1038 461 1082 vino
474 1037 655 1100 placatis
689 1048 731 1082 et
750 1038 938 1101 dapibus
960 1056 970 1082 z
994 1038 1201 1085 solemnes
1223 1041 1429 1088 Gentium

58 1106 147 1152 dies
160 1124 260 1152 cum
283 1107 366 1170 ipsi
387 1108 629 1163 celebratis,
654 1119 700 1154 111
725 1108 949 1164 kalendas,
971 1119 1012 1154 et
1032 1108 1210 1156 solstitia
1236 1129 1246 1156 :
1272 1113 1325 1158 de
1344 1114 1434 1160 vita

59 1189 173 1224 certe
212 1179 407 1224 mutastis
433 1179 575 1224 nihil:
605 1180 701 1224 estis
727 1196 825 1225 sane
865 1179 1069 1230 schisma,
1101 1198 1123 1226 a
1158 1183 1337 1229 matrice
1357 1202 1434 1230 sua

59 1248 276 1295 diversum
294 1249 407 1296 nihil
432 1250 595 1295 habens
613 1251 691 1295 nisi
721 1261 997 1296 conventum.
1026 1251 1205 1297 Necnon
1241 1263 1282 1298 et
1306 1255 1432 1317 prio-

59 1336 123 1365 res
145 1321 274 1366 vestri
298 1320 323 1364 J
329 1319 462 1374 udaei,
491 1320 695 1380 segregati
724 1319 853 1365 etiam
876 1320 959 1383 ipsi
985 1338 1008 1365 a
1043 1320 1259 1368 Gentibus
1283 1324 1435 1388 sculp-

59 1401 178 1436 turas
216 1389 357 1435 solum
384 1390 666 1436 dimiserunt:
696 1390 859 1453 templa
883 1407 984 1437 vero
1006 1400 1048 1435 01
1082 1391 1397 1440 immolationes
1418 1433 1430 1452 ,

59 1471 100 1507 et
127 1477 234 1517 aras,
252 1471 292 1506 et
311 1460 565 1516 sacerdotia,
593 1472 722 1525 atque
745 1477 871 1505 omne
897 1477 1120 1506 sacrorum
1146 1463 1430 1511 ministerium

61 1532 209 1578 eodem
234 1532 321 1577 ritu
347 1543 650 1587 exercuerunt,
676 1549 724 1577 ac
757 1531 895 1576 multo
931 1532 1266 1594 superstitiosius
1302 1552 1434 1598 quam

63 1604 233 1649 Gentes.
265 1605 324 1648 De
344 1603 548 1665 opinione
570 1619 670 1648 vero
698 1602 964 1647 monarchiae
988 1602 1031 1647 in
1056 1601 1176 1647 nullo
1197 1604 1325 1650 etiam
1349 1606 1434 1670 ipsi

62 1673 355 1719 dissentiunta
379 1673 562 1732 Paganis
586 1690 596 1717 :
621 1689 754 1735 quare
779 1681 947 1716 constat
971 1687 1049 1717 vos
1084 1682 1213 1735 atque
1252 1674 1277 1718 J
1284 1675 1432 1722 udaeos

62 1744 295 1790 schismata
316 1761 401 1789 esse
424 1743 673 1803 gentilitatis
702 1759 712 1786 ε
745 1746 871 1801 cujus
888 1740 1019 1787 fidem
1040 1751 1231 1788 tenentes
1244 1754 1285 1789 01
1305 1745 1430 1802 ritus,

62 1814 232 1860 modice
245 1813 443 1878 quamvis
458 1814 727 1867 immutatos,
745 1811 798 1856 de
815 1811 902 1856 sola
912 1822 1207 1858 conventuum
1224 1813 1435 1862 divisione

61 1885 224 1949 putatis
253 1901 329 1942 vos
357 1901 444 1932 esse
469 1894 619 1931 sectas.
655 1884 792 1928 Porro
826 1891 969 1927 autem
995 1892 1131 1927 sectas
1173 1884 1207 1928 si
1236 1900 1430 1947 quaeras,

63 1973 151 2001 11011
159 1954 260 2018 plus
269 1965 396 2001 erunt
413 1971 546 2018 quam
563 1953 681 2009 duae,
703 1952 748 1998 id
768 1962 846 2007 est,
869 1951 1096 2008 Gentium,
1119 1962 1160 1997 et
1179 1964 1340 2011 nostra,
1359 1956 1437 2019 qui

63 2026 122 2072 eis
158 2026 283 2086 longe
324 2025 491 2072 diversa
525 2025 745 2071 sentimus
788 2024 854 2068 Ita
891 2022 1068 2086 quidem
1095 2025 1287 2086 oppositi
1319 2027 1436 2073 invi-

65 2114 159 2143 cem
179 2097 324 2153 nobis,
352 2107 401 2142 ut
418 2107 480 2143 est
501 2096 656 2143 veritas
679 2106 720 2141 et
742 2093 1018 2139 mendacium
1036 2130 1047 2149 ,
1086 2104 1135 2140 ut
1161 2093 1250 2140 dies
1274 2106 1315 2141 et
1334 2114 1433 2156 nox,

66 2178 114 2213 ut
139 2178 298 2228 egestas
317 2178 359 2214 et
391 2168 538 2232 copia,
561 2178 611 2213 ut
638 2165 819 2211 morbus
853 2175 894 2210 et
929 2164 1099 2211 sanitas.
1127 2164 1335 2226 Vosgvero
1359 2185 1439 2214 nec

66 2239 220 2285 erroris
238 2250 351 2287 secta
364 2240 478 2294 estis,
494 2255 573 2285 nec
590 2237 780 2285 veritatis
801 2253 813 2283 ε
842 2236 914 2282 sed
931 2236 1118 2282 schisma
1140 2246 1336 2293 tantu1n3
1359 2256 1438 2286 nec

65 2309 209 2374 ipsum
237 2310 428 2356 veritatis
452 2308 617 2365 saltem,
643 2307 715 2353 sed
739 2306 906 2353 erroris.
937 2327 958 2347 n

132 2380 183 2427 V.
200 2381 465 2441 Augustinus
476 2377 698 2443 respondit
722 2395 733 2423 :
762 2376 1014 2440 Oimperita
1028 2376 1185 2439 pestis,
1213 2387 1254 2422 et
1273 2378 1439 2424 vanitas

68 2453 303 2518 versipellis
318 2490 329 2507 ,
355 2463 403 2498 ut
425 2452 532 2516 quid
550 2451 631 2497 tibi
656 2449 809 2509 objicis
826 2486 836 2503 ,
858 2448 978 2512 quod
998 2447 1142 2511 siquis
1160 2447 1240 2492 tibi
1263 2449 1435 2508 oincit,

69 2525 204 2570 nescit
225 2540 327 2570 cum
348 2539 436 2588 quo
455 2525 583 2583 agat?
609 2520 758 2584 Neque
773 2520 887 2565 enim
907 2536 982 2566 vos
1006 2520 1202 2578 Paganos
1226 2517 1412 2565 dicimus
1427 2557 1438 2576 ‚

73 2605 147 2641 aut
169 2594 357 2641 schisma
377 2596 678 2654 Paganorum,
706 2589 780 2637 sed
807 2589 970 2636 habere
991 2604 1094 2635 cum
1119 2587 1179 2634 eis
1201 2587 1436 2650 quamdam
