1795 3253
359 310 445 342 100
756 312 790 341 S.
834 311 1074 341 AUGUSTINI
1111 311 1313 342 EPISCOPI

346 377 426 422 ista
453 374 686 437 adoptione
705 413 715 428 ,
745 392 821 421 suo
850 387 1043 439 tempore
1064 414 1074 425 .
1113 377 1143 421 si
1170 376 1339 439 placet,
1371 377 1639 441 inquiramus
1660 395 1731 430 :et

349 447 402 492 de
422 446 494 491 illa
521 447 609 491 sine
641 445 847 492 dilatione
875 446 1171 511 respondebo,
1198 464 1298 492 eum
1327 458 1371 493 tu
1393 449 1498 494 meis
1516 451 1730 511 objectio-

348 517 478 563 nibus
506 516 790 579 responderis.

1789 476 1795 498 l

416 588 688 650 1¹¹0n‘rfddiuit
715 606 726 633 ε
755 590 1069 648 «Progressuin
1105 588 1203 633 dico
1235 587 1364 634 fuisse
1398 589 1552 634 animae
1579 600 1729 635 contra
1790 625 1792 630 .

346 659 610 705 contrariam
638 670 864 715 naturam,
895 677 994 723 quae.
1026 670 1177 704 natura
1208 660 1300 704 Deo
1328 677 1481 706 nocere
1502 660 1611 705 nihil
1643 678 1728 724 po—
1792 663 1795 696 j

349 741 471 776 terat.
499 753 517 771 ν)

410 803 550 848 XXX.
596 803 626 846 A
637 818 707 846 re..
739 800 846 845 dixit
865 819 874 845 :
895 801 1013 857 Quid
1035 817 1145 863 opus
1163 811 1252 845 crat
1271 801 1351 845 isto
1372 819 1599 864 progressu
1617 840 1627 858 ‚
1651 803 1727 849 ubi

345 873 454 918 nihil
468 873 663 918 habebat
681 874 791 917 Deus
805 872 923 935 quod
940 883 1133 927 caveret,
1154 872 1223 916 cui
1239 888 1393 917 nocere
1408 873 1518 918 nihil
1535 877 1728 936 poterat.D

415 945 547 990 FonT·
575 943 681 988 dixit
705 960 714 986 :
740 942 954 987 «Constat
984 941 1102 1005 apud
1128 942 1434 987 conscientiam
1466 953 1672 1000 vestram,
1703 962 1726 989 a

345 1013 437 1057 Deo
464 1013 626 1058 venisse
652 1011 878 1057 Christum
893 1015 910 1056 ἒ)
940 1032 959 1051 n

410 1084 574 1130 XXXI.
618 1085 730 1130 Am.
755 1082 862 1128 dixit
891 1100 900 1126 :
928 1083 1093 1127 Iterum
1113 1099 1180 1128 me
1200 1082 1466 1142 interrogas?
1498 1083 1564 1129 Ad
1590 1084 1727 1130 inter-

345 1165 494 1215 rogata
518 1153 745 1216 responde.

411 1227 550 1271 Fonr.
582 1225 688 1270 dixit
710 1242 720 1268 ε
746 1246 765 1265 α
779 1224 850 1269 Sic
876 1223 1027 1287 accepi
1058 1223 1102 1268 in
1123 1223 1235 1279 fide,
1263 1223 1382 1286 quod
1409 1223 1633 1271 voluntate
1651 1225 1730 1270 Dei

348 1295 439 1359 ipse
456 1295 547 1340 hue
562 1295 740 1340 venerit.
763 1315 783 1335 n

411 1366 599 1411 XXXII.
637 1366 751 1411 Aue.
783 1362 890 1409 dixit
914 1381 925 1408 :
950 1365 1006 1408 Et
1029 1380 1106 1423 ego
1130 1363 1252 1420 dico,
1279 1364 1395 1410 Deus
1425 1366 1700 1429 omnipotens
1717 1402 1728 1419 ,

346 1436 638 1491 inviolabilis,
677 1435 1080 1490 inconmmtabilis,
1116 1436 1187 1480 cui
1223 1436 1369 1481 noceri
1410 1437 1523 1482 nihil
1558 1437 1729 1500 possit,

347 1523 482 1570 quare
512 1506 602 1551 hue
623 1506 811 1551 animam
831 1505 884 1550 ad
907 1506 1096 1550 miserias
1113 1543 1124 1562 ‚
1149 1505 1204 1551 ad
1225 1523 1410 1552 errorem
1425 1544 1436 1563 ,
1465 1507 1519 1553 acl
1536 1509 1615 1553 ista
1634 1523 1735 1570 quae

351 1577 562 1640 patimur,
591 1576 738 1621 misit?

421 1648 555 1693 Fon'r.
599 1647 703 1691 dixit
728 1664 738 1690 ε
771 1645 985 1691 «Dictum
1010 1656 1071 1691 est
1097 1646 1211 1692 enim
1234 1664 1243 1691 :
1274 1648 1566 1694 «Potestatem
1592 1649 1736 1693 habeo

353 1738 375 1759 >⁸
393 1717 585 1782 ponendi
603 1717 791 1762 animam
812 1733 968 1768 meam,
993 1727 1035 1761 et
1056 1727 1311 1779 potestatem
1341 1719 1585 1781 aecipiendi
1599 1736 1738 1765 eam.»

355 1791 485 1836 Nunc
512 1787 619 1833 dixit
643 1786 761 1850 quod
786 1786 1009 1832 voluntate
1041 1787 1120 1832 Dei
1142 1805 1367 1850 progressa
1391 1799 1453 1834 est
1473 1789 1631 1835 anima.
1653 1811 1673 1830 x>

421 1860 635 1906 XXXIII.
680 1861 793 1904 Aeo.
826 1857 933 1902 dixit
974 1876 984 1903 ε
1033 1859 1123 1917 Ego
1157 1869 1301 1904 autem
1341 1875 1515 1905 eausam
1556 1876 1705 1922 quaero
1724 1897 1735 1916 ‚

354 1948 490 1995 quare
517 1947 618 1975 cum
641 1929 732 1973 Deo
753 1928 899 1973 noceri
918 1927 1030 1973 nihil
1050 1929 1216 1990 possit?

419 2004 557 2046 FonT.
597 1998 703 2045 dixit
728 2017 738 2043 ε
768 1997 925 2043 «Nihil
948 1999 1097 2043 noceri
1125 1999 1216 2043 Deo
1246 2002 1338 2058 jam
1371 1999 1583 2058 diximus,
1625 2012 1667 2046 et
1696 2000 1743 2046 in

361 2071 580 2118 contraria
603 2081 757 2116 natura
784 2086 870 2114 esse
890 2069 1079 2113 animam
1103 2067 1314 2125 diximus,
1336 2069 1434 2116 ideo
1463 2081 1511 2116 ut
1528 2070 1744 2116 contraria
1786 2129 1794 2133 -

362 2154 534 2189 naturae
557 2141 739 2186 modum
760 2141 1002 2202 imponeret
1025 2156 1035 2183 :
1059 2138 1190 2184 modo
1210 2140 1414 2203 imposito
1427 2141 1656 2186 contrariae
1671 2158 1744 2186 na-

363 2224 493 2264 turae,
513 2212 644 2257 sumit
659 2211 854 2257 eamdem
877 2212 1005 2255 Deus,
1031 2211 1128 2273 Ipse
1151 2210 1266 2255 enim
1290 2210 1422 2256 dixit:
1446 2232 1465 2252 «
1482 2212 1745 2256 Potestatem

364 2305 386 2326 >›
408 2283 551 2328 habeo
574 2281 767 2345 ponendi
792 2281 977 2326 animam
1009 2298 1146 2326 meam
1165 2317 1175 2336 ,
1197 2291 1239 2325 et
1260 2291 1517 2344 potestatem
1546 2281 1746 2327 sumendi

367 2379 390 2399 »
409 2355 653 2403 eam.Hane
672 2355 802 2398 Pater
812 2352 921 2397 mihi
941 2351 1061 2397 dedit
1075 2362 1329 2415 potestatem
1347 2352 1539 2415 ponendi
1557 2354 1747 2399 animam

365 2450 387 2472 ³>
399 2445 557 2483 meam,
571 2437 612 2471 et
629 2424 825 2471 sumendi
845 2440 953 2469 eam.
964 2444 984 2464 »
999 2423 1114 2468 Deus
1130 2440 1229 2483 ergo
1242 2423 1318 2486 qui
1334 2422 1596 2486 loquebatur
1608 2425 1653 2470 in
1672 2423 1747 2470 Fi—

367 2500 445 2556 lio,
473 2498 526 2546 de
544 2515 631 2562 qua
654 2496 798 2542 anima
816 2494 1005 2541 dicereti3
1021 2498 1201 2541 Constat
1217 2511 1302 2540 esse
1322 2491 1512 2542 animam
1530 2505 1743 2551 nostram,

416 2609 426 2632 ¹
452 2611 545 2642 Joan.
562 2619 597 2650 x,
619 2607 673 2641 18.
