1795 3253
332 243 425 297 33²2
752 256 788 286 s,
831 255 1073 286 Aueusrnxi
1112 256 1313 287 immori

331 321 519 384 lapidem
537 358 546 370 .
570 320 798 381 eujusdam
816 321 1113 367 similitudinis
1137 338 1266 368 causa
1286 359 1296 380 ,
1318 339 1405 368 non
1432 323 1717 387 proprietatis

335 392 591 439 substantia.

396 465 565 509 xxtll.
596 464 798 508 Jamvcro
820 464 946 518 illud,
970 464 1147 528 quodde
1170 464 1292 510 vinea
1311 482 1442 528 quam
1473 465 1706 529 plantavit,

329 534 568 581 inebriatus
589 535 702 589 Noe,
730 534 919 581 nudatus
943 547 1004 580 est
1027 536 1071 580 in
1098 535 1228 580 domo
1257 553 1331 580 sua
1348 535 1395 589 1;
1425 537 1495 582 cui
1524 554 1611 582 non
1637 554 1713 600 ap-

329 616 479 670 pareat
504 605 704 650 Christus
728 623 875 667 passus
896 607 939 651 in
963 616 1086 664 gente
1107 609 1213 651 sua?
1241 606 1366 651 'l'une
1398 608 1511 652 enim
1552 607 1716 653 nudata

335 687 396 721 est
430 675 668 721 mortalitas
689 675 829 720 earnis
848 680 957 736 ejus,
987 675 1153 721 Judaeis
1179 676 1458 731 scandalum,
1498 678 1716 724 Gentibus

333 747 513 792 stultitia
535 746 571 803 2,
600 746 703 809 ipsis
721 757 865 791 autem
904 747 1066 792 voeatis
1106 745 1273 791 Judaeis
1298 758 1339 792 et
1370 748 1587 794 Gentibus
1614 759 1716 794 tan-

334 835 465 881 quam
490 818 586 863 Sem
612 816 887 880 etJapheth,
914 817 989 862 lJei
1031 816 1167 862 xistus
1185 828 1227 862 et
1251 818 1327 863 Dei
1349 819 1557 882 sapientia
1579 837 1589 864 ε
1608 819 1714 883 quia

337 888 455 952 quod
482 888 662 934 stultum
688 898 750 932 est
780 888 875 940 Dei,
922 886 1157 949 sapientius
1178 898 1240 932 est
1264 905 1395 951 quam
1418 889 1645 944 honiines3
1675 900 1716 936 et

333 959 448 1023 quod
463 960 684 1005 infirmum
702 968 762 1004 est
780 959 873 1014 Dei,
891 957 1046 1003 fortius
1063 969 1125 1003 est
1147 975 1276 1021 quani
1292 959 1503 1006 homines.
1520 960 1713 1007 Proinde

333 1034 379 1078 in
402 1032 575 1078 duobus
615 1031 713 1076 siliis
734 1030 918 1075 maximo
941 1040 982 1075 et
1006 1031 1205 1086 minimo,
1229 1030 1317 1076 duo
1342 1031 1496 1095 populi
1519 1031 1711 1091 figurati,

338 1120 470 1148 unam
496 1113 653 1147 vestem
668 1120 690 1146 a
708 1111 824 1161 tergo
853 1111 1100 1164 portantes,
1122 1112 1438 1147 sacramentum
1453 1102 1715 1162 scilieetjam

335 1172 572 1236 praeteritae
604 1182 733 1234 atque
762 1182 989 1217 transactae
1019 1171 1261 1217 Dominicae
1283 1173 1510 1235 passionis,
1536 1173 1716 1218 nudita-

333 1254 418 1289 tem
445 1243 579 1307 patris
602 1259 740 1305 neque
772 1242 1013 1299 intuentur,
1043 1243 1146 1305 quia
1170 1243 1215 1288 in
1263 1243 1427 1288 Christi
1452 1261 1600 1289 necem
1627 1261 1713 1290 non

337 1315 615 1361 consentiunt
641 1334 652 1367 ;
675 1324 717 1359 et
740 1324 883 1359 tamen
926 1315 1147 1359 honorant
1183 1313 1475 1370 velanwntoss,
1507 1326 1714 1379 tanquam

339 1387 517 1433 sienctes
540 1386 655 1431 unde
679 1386 764 1431 sint
793 1386 899 1432 nati.
930 1386 1086 1431 Melius
1110 1396 1253 1431 autem
1279 1385 1392 1431 filius
1430 1397 1492 1431 est
1521 1386 1714 1450 populus

333 1457 606 1512 Jtidaeoruni,
635 1456 732 1501 ideo
753 1455 939 1511 medius,
967 1457 1071 1520 quia
1096 1473 1175 1501 nee
1199 1456 1439 1519 primatum
1479 1457 1714 1520 Apostolo-

328 1546 425 1575 rum
451 1528 607 1582 tenuit,
635 1544 713 1573 nee
736 1526 913 1572 ultimus
935 1528 979 1573 in
1009 1527 1226 1573 Gentibus
1252 1527 1467 1584 eredidit,
1496 1528 1608 1575 vidit
1627 1546 1714 1575 nu-

327 1600 507 1646 ditatem
530 1598 684 1662 patris,
711 1598 815 1661 quia
839 1599 1054 1644 consensit
1074 1598 1118 1643 in
1138 1615 1287 1643 necem
1316 1599 1509 1653 Christi3
1531 1610 1572 1645 et
1595 1616 1714 1645 nun-

329 1671 452 1717 tiavit
473 1669 586 1715 foras
599 1668 833 1714 fratribus:
865 1686 943 1731 per
959 1686 1059 1714 eum
1087 1669 1254 1731 quippe
1284 1668 1603 1715 manifestatum
1623 1680 1710 1725 est,

328 1752 370 1787 et
392 1740 585 1804 quodam
623 1739 752 1785 modo
786 1739 1088 1803 publicatum,
1119 1738 1238 1802 quod
1274 1749 1363 1784 erat
1398 1741 1443 1785 in
1479 1741 1714 1804 prophetia

327 1824 562 1866 seeretum3
588 1810 771 1874 ideoque
805 1812 855 1856 fit
896 1828 1042 1857 servus
1074 1811 1260 1856 flatrum
1285 1828 1478 1858 suorum.
1512 1811 1631 1868 Quid
1653 1823 1714 1857 est

330 1884 442 1930 enim
463 1881 579 1928 aliud
604 1881 823 1944 hodieque
858 1898 959 1940 gens
977 1881 1099 1944 ipsa,
1140 1880 1221 1925 nisi
1259 1881 1463 1943 quaedam
1489 1881 1712 1928 scriniaria

330 1954 683 2000 Christianorum
702 1989 712 2008 ‚
753 1951 955 2012 hajulans
986 1953 1144 2011 Legem
1177 1961 1220 1995 et
1243 1951 1490 2015 Prophetas
1512 1951 1565 1997 ad
1589 1952 1712 1998 testi—

329 2025 525 2071 monium
550 2022 792 2069 assertionis
817 2021 1039 2077 Ecclesiae,
1068 2031 1116 2066 ut
1154 2038 1230 2066 nos
1258 2021 1522 2068 honoremus
1548 2039 1626 2086 per
1642 2040 1713 2068 sa—

327 2106 617 2151 cramentum,
642 2093 762 2157 quod
781 2094 956 2139 nuntiat
979 2093 1053 2138 illa
1080 2110 1158 2156 per
1177 2092 1378 2140 litteram.

393 2166 553 2213 xxiv.
585 2166 727 2222 Quem
749 2175 891 2210 autem
916 2182 1004 2209 non
1019 2164 1188 2220 excitet,
1217 2181 1347 2227 quem
1374 2182 1460 2209 non
1483 2163 1551 2211 vel
1568 2163 1712 2210 infor—

330 2248 444 2294 met,
481 2237 549 2284 vel
583 2238 811 2282 confirmet
836 2236 880 2281 in
905 2235 1007 2291 lide,
1036 2235 1155 2299 quod
1181 2235 1239 2281 ita
1271 2235 1597 2281 benedicuntur
1618 2235 1707 2281 duo

327 2310 409 2363 illi,
431 2308 506 2372 qui
527 2307 769 2353 nuditatem
795 2307 930 2370 patris
947 2307 1290 2361 honoraverunt,
1314 2306 1511 2369 quamvis
1541 2307 1705 2362 aversi,

328 2379 446 2427 velut
463 2378 624 2442 quibus
652 2377 816 2423 factum
842 2376 1059 2423 sceleratae
1085 2377 1221 2423 vineae
1245 2377 1550 2440 displicuerit?
1576 2398 1596 2418 «
1621 2378 1709 2423 Be-

330 2471 349 2492 «
378 2449 591 2502 nedictus,
618 2448 782 2512 inquit,
830 2447 1041 2494 Dominus
1072 2448 1185 2497 Deus
1218 2447 1316 2492 Sem
1337 2446 1371 2494 4.
1400 2470 1419 2489 ›>
1445 2448 1709 2511 Quanquam

329 2522 444 2569 enim
475 2521 529 2567 sit
556 2521 670 2566 Deus
712 2519 905 2566 omnium
932 2519 1143 2580 gentium,
1180 2518 1525 2583 quodammodo
1569 2530 1710 2566 tamen

380 2611 490 2643 lGen.
529 2621 583 2655 xx,
614 2606 745 2642 21.-21
761 2610 835 2642 Cor.
869 2620 902 2653 1,
922 2609 979 2641 23.
993 2625 1037 2633 —
1051 2606 1066 2633 3
1087 2610 1170 2644 Gen.
1190 2619 1246 2654 1x‚
1268 2619 1323 2641 22.
1342 2627 1384 2633 —
1405 2605 1520 2641 ⁴1bid.
1542 2609 1597 2641 26.
