1795 3253
303 296 331 340 6
727 311 760 340 s.
804 308 1045 340 Λυιιυιιτικι
1085 308 1287 340 eviscovi

301 375 532 421 deterrent.
567 384 613 419 ut
645 374 689 421 in
713 391 861 420 eorum
886 373 1025 421 dolos.
1055 391 1139 421 non
1165 375 1393 430 electione,
1427 375 1502 421 sed
1530 375 1679 439 inopia

304 444 522 492 decidant.

369 515 446 560 tlt.
490 514 573 561 Sed
616 532 695 559 cur
734 532 820 560 non
860 514 951 576 ipse
988 514 1096 560 mihi
1136 514 1393 578 respondeo,
1429 514 1549 579 quod
1585 515 1677 562 istae

301 585 430 635 lautae
447 603 495 631 ae
517 585 674 648 lupidae
702 585 1004 631 similitudines
1024 596 1152 648 atquc
1171 585 1426 646 hujusmodi
1446 586 1678 649 reprehen-

298 655 436 701 siones
459 655 502 701 in
528 672 691 708 omnes,
720 656 794 718 qui
823 654 986 717 aliquid
1017 655 1191 708 docent,
1215 675 1235 702 a
1257 656 1410 719 quoxis
1433 656 1676 704 adversario

299 725 462 776 ess'undi
489 725 770 774 urbanissime
794 743 845 770 ae
873 725 1141 772 dicacissime
1167 731 1374 789 possunt?
1409 727 1491 773 Sed
1514 726 1572 773 ob
1593 727 1677 774 hoc

295 796 446 858 putavi
470 795 633 859 aliquid
659 796 737 845 tale
757 795 1030 842 insuendam
1053 797 1207 845 litteris
1228 797 1348 853 meis,
1372 808 1420 844 ut
1438 814 1507 843 eos
1528 797 1676 844 admo-

296 883 349 912 ne
353 883 440 914 ειιιιι
459 866 591 912 desin
598 877 656 914 nt
677 866 836 913 talibus
851 883 997 925 agere.
987 884 997 893 ·
1019 877 1065 912 ιιι
1086 866 1456 944 quemadmodum
1476 867 1576 914 ille²
1596 867 1673 924 ait,

297 937 502 999 separatis
530 953 614 996 nu:O
606 938 653 982 is
680 936 876 982 locorum
905 938 1225 993 comnmnium,
1247 954 1312 985 res
1334 955 1433 984 cum
1456 955 1518 985 re.
1546 955 1677 985 causa

297 1023 396 1058 cum
429 1024 581 1059 cansa,
614 1025 630 1051 ι
635 1008 720 1053 atio
740 1024 840 1054 cum
866 1007 1032 1053 latione
1053 1008 1273 1068 confligat.
1307 1010 1453 1064 Quare
1479 1008 1676 1055 desinant

298 1077 440 1126 dicere
458 1077 586 1128 illud,
611 1078 727 1141 quod
752 1078 796 1128 in
819 1095 890 1123 ore
916 1078 1082 1123 habent
1100 1079 1223 1141 quasi
1246 1079 1550 1135 necessarium,
1574 1097 1675 1127 cum

293 1164 362 1198 eos
379 1148 563 1211 quisque
582 1148 816 1194 deseruerit
838 1149 913 1211 qui
938 1149 1104 1194 diutius
1124 1149 1311 1197 audisset
1332 1167 1342 1195 ε
1365 1170 1385 1191 «
1407 1152 1573 1196 Lumen
1599 1168 1677 1214 per

298 1239 318 1259 >a
341 1216 464 1268 ‚illum
488 1217 714 1263 transitum
734 1218 848 1264 fecit.
872 1240 891 1259 »
909 1217 1034 1263 Vides
1052 1218 1164 1268 euim
1189 1229 1234 1264 tu
1256 1236 1349 1265 mea
1368 1220 1552 1270 maxima
1571 1237 1677 1267 cura

296 1304 420 1340 ‹nam
446 1287 499 1333 de
524 1288 606 1334 illis
635 1306 721 1335 ιιοιι
750 1288 877 1334 nimis
908 1290 1071 1334 aestuo}
1106 1306 1237 1353 quam
1265 1290 1352 1336 hoc
1375 1291 1503 1336 inane
1534 1302 1576 1340 et
1605 1290 1676 1337 fa-

297 1358 508 1404 cillimum
542 1358 595 1405 ad
626 1359 1035 1422 reprehendendum
1060 1360 1198 1406 cuivis
1228 1378 1317 1406 esse
1343 1362 1493 1424 possit.
1529 1364 1683 1425 ltaque

296 1429 383 1474 hoc
420 1429 741 1476 discutiendum
788 1429 962 1476 dimitto
1002 1430 1250 1494 prudentiae
1290 1441 1393 1478 tuae.
1436 1433 1533 1479 Non
1568 1433 1682 1479 enim

297 1516 443 1551 vereor
480 1518 530 1546 ue
567 1517 635 1546 me
667 1500 887 1548 arbitreris
918 1501 1216 1547 inhabitatum
1249 1500 1431 1559 lumine,
1454 1520 1554 1551 curn
1581 1504 1683 1551 vitre

296 1569 430 1630 huJus
455 1571 605 1616 mundi
628 1588 743 1617 eram
771 1571 1038 1634 implicatus,
1067 1572 1339 1618 tenebrosam
1365 1590 1486 1636 spem
1511 1591 1678 1633 gerens,

296 1640 349 1689 de
371 1640 704 1704 pulchiitudine
736 1642 893 1697 uxoris,
923 1641 976 1688 de
1008 1658 1174 1718 pompa
1197 1641 1469 1699 divitiarum,
1498 1643 1590 1691 de
1579 1662 1680 1691 ma-

293 1711 427 1757 nitate
450 1710 686 1766 honorum,
712 1712 968 1775 caeterisque
987 1711 1120 1757 noxiis
1139 1722 1180 1757 et
1200 1713 1454 1775 perniciosis
1475 1715 1682 1779 volupta-

297 1781 427 1828 tibus.
460 1782 568 1834 Haee
592 1781 705 1827 enim
725 1782 889 1837 omnia,
912 1781 1032 1845 quod
1059 1793 1099 1827 te
1118 1800 1205 1828 non
1226 1783 1348 1839 latet,
1369 1801 1468 1831 cum
1491 1787 1681 1835 studiose

293 1851 391 1904 illos
414 1851 626 1907 audirem,
653 1869 831 1915 cupere,
858 1864 900 1899 et
919 1870 1092 1916 sperare
1112 1870 1200 1900 non
1223 1853 1496 1905 desistebam.
1529 1858 1680 1922 Neque

295 1922 384 1969 hoc
406 1939 556 1969 eorum
582 1922 797 1975 doctrinae
826 1924 1001 1977 tribuo3
1031 1922 1168 1973 fateor
1193 1924 1308 1970 enim
1337 1936 1379 1977 et
1403 1926 1499 1974 illos
1529 1929 1678 1976 sedulo

294 2010 484 2048 monere,
507 2004 553 2038 ut
576 1993 655 2038 ista
676 2005 927 2040 caveantur.
958 1994 1042 2045 Sed
1064 1994 1193 2040 modo
1214 2011 1281 2040 me
1301 1994 1445 2042 dicere
1461 1997 1678 2047 desertum

298 2063 479 2119 lumine,
497 2080 597 2109 cum
620 2063 677 2115 ab
695 2064 763 2110 his
776 2065 980 2110 omnibus
1003 2064 1171 2111 umbris
1187 2082 1328 2112 rerum
1345 2083 1413 2113 me
1430 2073 1675 2129 averterim,

297 2134 475 2196 soloque
489 2134 604 2180 victu
617 2133 671 2179 ad
686 2133 976 2181 valetudinem
991 2136 1187 2198 corporis
1200 2137 1436 2187 necessario
1450 2150 1677 2189 contentus

295 2221 381 2250 esst·
395 2203 656 2254 decreverint
673 2224 684 2257 ;
701 2204 963 2250 illustratum
975 2216 1116 2252 autem
1135 2216 1264 2269 atque
1278 2205 1511 2266 fulgentem
1527 2209 1672 2269 fuisse,

295 2291 398 2320 cum
422 2275 509 2324 ista*
533 2274 755 2333 diligt-rem
779 2286 820 2320 et
847 2276 915 2321 his
938 2276 1159 2322 involutus
1190 2287 1331 2332 tener,
1367 2277 1558 2326 hominis
1581 2293 1671 2339 est,

295 2355 342 2393 ut
367 2345 586 2392 mitissime
616 2345 786 2402 dicam,
822 2346 965 2392 minus
995 2357 1119 2397 acute
1149 2345 1459 2396 considerantis
1495 2368 1558 2397 res
1581 2390 1592 2409 ‚
1620 2353 1674 2400 de

292 2416 456 2478 quibus
481 2414 600 2479 loqui
625 2415 810 2471 multum
835 2427 964 2472 amat.
990 2416 1076 2463 Sed
1095 2417 1318 2472 veniamus
1338 2418 1393 2469 ad
1412 2436 1587 2472 causam
1603 2460 1614 2478 ‚
1639 2424 1672 2474 si

292 2485 449 2547 piacet.

359 2557 430 2609 IV.
477 2557 581 2602 mam
611 2557 716 2609 benc·
745 2558 853 2604 nosti
885 2557 1003 2621 qnod
1034 2558 1398 2623 reprehendentes
1427 2563 1667 2616 Manichaei

362 2639 482 2672 Cicero.
