1795 3253
347 265 407 311 68
756 280 789 311 5.
833 278 1073 311 Auarsrlm
1109 279 1310 311 nrlscom

345 346 479 392 malas
499 361 608 399 esse,
638 360 737 407 quae
763 356 961 408 peccant.
987 345 1079 391 lllae
1098 356 1260 401 autem,
1285 344 1397 391 sicut
1412 347 1518 394 ratio
1543 347 1713 405 docuit,

346 435 432 462 non
457 426 654 479 peccant.
681 415 935 462 Animarum
959 434 1035 476 ego
1062 417 1271 462 malarum
1291 433 1422 475 genus
1436 419 1578 465 nescio
1597 418 1717 483 quod

348 499 612 536 extraneum.
642 487 760 550 quod
787 506 808 533 a
837 488 1094 533 Manichaffis
1119 487 1358 542 inducitur,
1382 488 1551 534 nullum
1572 501 1646 536 est.

412 559 578 604 xt'lll.
624 559 751 603 Nunc
783 558 950 604 bonum
995 559 1103 604 illud
1146 575 1276 618 genus
1321 558 1542 605 videamus
1560 597 1570 616 ‚
1599 560 1720 624 quod

347 646 496 674 rursus
514 630 572 675 ita
592 629 773 674 laudant
790 667 799 678 .
816 640 864 675 ut
884 630 1021 693 ipsam
1038 631 1115 675 Dei
1142 629 1427 675 substantiam
1450 630 1601 676 dicant
1614 649 1714 679 csse.

349 701 526 758 Quanto
551 711 693 745 autem
723 700 873 745 melius
906 711 995 755 est,
1029 711 1076 746 ut
1120 717 1244 746 suum
1274 699 1468 746 ordinem
1493 704 1722 748 meritum-

346 789 430 836 que
455 771 637 834 quisque
674 781 922 830 cognoscat.
946 788 1025 816 nec
1059 771 1119 816 ita
1146 770 1349 830 sacrilega
1386 772 1588 835 superbia
1616 789 1724 818 ven-

349 844 516 899 tiletur‚
540 853 588 888 ut
610 859 710 888 cum
737 860 777 887 se
798 842 922 888 toties
958 843 1217 887 commutari
1240 842 1411 898 sentiat,
1433 844 1589 888 summi
1611 843 1724 889 illius

346 914 479 963 boni,
508 913 627 977 quod
645 913 1003 959 incommutabile
1029 915 1100 976 pia
1125 913 1232 958 ratio
1257 914 1487 976 profitetur
1508 925 1550 959 et
1573 914 1718 970 docet,

348 985 498 1033 credat
517 1002 603 1030 esse
623 985 924 1032 substantiam.
959 986 1071 1030 Eece
1105 986 1220 1029 enim
1245 1001 1346 1030 cum
1370 984 1646 1031 manifestum
1672 985 1725 1032 sit

348 1074 437 1103 non
460 1072 639 1120 peccare
659 1055 821 1101 animas
844 1056 888 1101 in
906 1072 954 1100 eo
973 1054 1090 1117 quod
1112 1072 1198 1100 non
1214 1065 1314 1100 sunt
1333 1055 1435 1100 tales
1449 1093 1459 1110 ‚
1479 1055 1626 1118 quales
1640 1073 1727 1102 6556

348 1145 437 1172 11011
457 1136 660 1190 possunt3
676 1125 790 1171 unde
804 1136 972 1171 constat
987 1130 1081 1186 jam
1099 1126 1242 1170 nescio
1255 1125 1728 1188 quasillasinductitias

351 1197 473 1243 nullo
493 1196 623 1241 modo
643 1212 825 1259 peccare
842 1235 851 1252 ‚
884 1208 925 1242 et
948 1207 1175 1260 propterca
1194 1196 1290 1241 illas
1309 1197 1487 1242 omnino
1504 1214 1592 1243 non
1612 1214 1721 1243 esse:

349 1267 628 1329 relinquitur,
657 1277 704 1312 ut
727 1268 934 1330 quoniam
960 1266 1207 1312 concedunt
1230 1284 1316 1312 esse
1336 1277 1532 1331 peccata,
1555 1285 1640 1313 non
1665 1267 1731 1314 in-

350 1338 526 1385 veniant
545 1337 706 1400 quibus
732 1355 779 1383 ea
797 1338 1010 1394 tribuant,
1031 1337 1241 1383 nisibono
1265 1337 1408 1397 generi
1429 1337 1667 1383 animarum
1690 1349 1732 1384 et

351 1408 608 1455 substantiae
626 1408 718 1454 Dei.
739 1408 922 1454 Maxime
940 1418 1082 1452 autem
1101 1418 1311 1467 urgentur
1331 1408 1584 1453 auctoritate
1597 1407 1735 1453 chris-

352 1481 494 1525 tiana:
523 1495 749 1541 nunquam
772 1478 888 1524 enim
919 1488 1187 1538 negaverunt
1209 1477 1304 1522 dari
1323 1477 1496 1524 veniam
1533 1489 1736 1541 peccato-

354 1561 519 1605 torum,
536 1565 636 1594 cum
653 1548 781 1593 fuerit
800 1548 854 1594 ad
876 1549 1013 1593 Deum
1031 1549 1214 1611 quisque
1234 1565 1491 1594 conversus:
1510 1565 1737 1613 nunquam

353 1620 582 1676 dixerunt,
626 1620 699 1682 (ut
721 1618 803 1664 alia
824 1618 988 1680 multa)
1020 1618 1139 1681 quod
1179 1618 1416 1682 Scripturis
1455 1618 1612 1665 divinis
1650 1620 1738 1666 hoc

357 1692 576 1755 quispiam
598 1700 831 1753 corruptor
853 1690 1093 1737 inseruerit.
1124 1690 1297 1746 Quibus
1321 1706 1422 1749 ergo
1450 1701 1631 1753 peccata
1654 1691 1740 1738 do-

358 1765 548 1810 nantur?
576 1762 621 1807 Si
635 1762 759 1807 alieni
774 1761 937 1821 generis
954 1761 1038 1806 illis
1058 1760 1199 1816 malis,
1216 1771 1401 1824 possunt
1420 1771 1462 1805 et
1481 1761 1612 1807 bonae
1627 1762 1736 1819 fieri,

357 1843 541 1898 possunt
576 1832 656 1878 Dei
694 1849 875 1892 regnum
908 1831 1127 1895 possidere
1156 1848 1257 1876 cum
1282 1831 1475 1878 Christo.
1508 1832 1642 1889 Quod
1671 1833 1744 1880 isti

363 1907 466 1970 quia
491 1915 671 1964 negant,
699 1921 778 1949 nec
798 1903 964 1948 habent
983 1902 1165 1948 alterum
1187 1919 1320 1962 genus
1335 1940 1346 1959 ‚
1362 1903 1445 1948 nisi
1469 1920 1615 1949 earum
1636 1921 1745 1968 quas

365 1977 419 2024 de
443 1976 684 2022 substantia
710 1976 787 2020 Dei
820 1991 906 2019 esse
934 1973 1195 2037 perhibent,
1237 1985 1367 2020 restat
1401 1985 1449 2020 ut
1486 1992 1575 2020 non
1607 1975 1747 2022 solum

365 2048 493 2093 etiam
511 2047 626 2109 ipsas
643 2083 654 2102 ‚
681 2045 754 2090 sed
778 2045 892 2108 ipsas
915 2044 1024 2090 solas
1058 2061 1241 2107 peccare
1265 2044 1495 2093 fateantur.
1529 2047 1622 2106 Ego
1664 2063 1747 2093 au-

368 2128 456 2162 tem
478 2115 590 2162 nihil
613 2131 763 2178 pugno
793 2131 847 2160 ne
879 2113 980 2159 solae
1019 2125 1232 2177 peccent:
1271 2126 1456 2177 peccant
1502 2126 1659 2165 tamen.
1692 2119 1750 2164 At

370 2189 485 2234 enim
504 2186 606 2233 mali
631 2185 933 2231 commixtione
947 2188 1191 2245 coguntur?
1218 2185 1336 2231 Siita
1360 2198 1594 2247 coguntur,
1618 2199 1667 2234 ut
1687 2206 1750 2235 re-

372 2257 546 2305 sistendi
563 2267 752 2320 potestas
775 2254 893 2300 nulla
911 2257 990 2311 sit,
1012 2272 1100 2300 non
1114 2266 1327 2319 peccant:
1349 2257 1383 2301 si
1400 2267 1462 2302 est
1480 2257 1525 2302 in
1539 2269 1753 2322 potestate

375 2347 451 2375 sua
465 2328 674 2383 resistere,
700 2338 741 2372 et
758 2327 939 2390 propria
953 2325 1174 2372 voluntate
1200 2326 1492 2384 consentiunt,
1525 2346 1605 2375 cur
1631 2340 1752 2376 tanta

373 2400 490 2446 bona
511 2400 555 2444 in
579 2414 746 2444 summo
771 2396 901 2452 male,
941 2414 1019 2442 cur
1040 2397 1127 2443 1106
1144 2397 1306 2444 malum
1331 2398 1375 2443 in
1399 2415 1568 2445 summo
1601 2401 1749 2458 bono,

371 2487 451 2533 per
475 2469 716 2516 doctrinam
738 2467 910 2513 illorum
933 2467 1130 2527 cogimur
1146 2469 1356 2524 invenire,
1378 2469 1458 2514 nisi
1486 2471 1589 2533 quia
1609 2488 1751 2536 neque

369 2540 481 2586 illud
514 2540 678 2587 malum
703 2549 765 2585 est
801 2538 921 2603 quod
957 2539 1202 2602 suspicione
1241 2539 1475 2597 inducunt,
1499 2558 1640 2607 neque
1662 2543 1749 2591 hoc

365 2627 587 2660 summum
606 2611 774 2659 bonum
801 2608 920 2675 quod
939 2610 1238 2673 superstitione
1261 2615 1544 2675 pervertunt?
