1795 3253
231 296 406 328 CONTRA
440 296 642 327 rausi-un
675 294 975 334 maiomam,
1015 294 1102 325 Lm.
1144 294 1237 325 X1x.
1344 278 1438 325 505

72 364 134 411 vis
155 362 393 409 secundum
418 380 520 409 cum
546 364 737 408 viverent
764 361 916 408 sancti.
934 361 1011 424 qui
1039 359 1230 405 futuram
1254 362 1345 419 ejus
1370 377 1444 404 re-

73 434 328 481 velationem
353 433 582 491 videbant,
621 444 662 479 et
685 449 766 496 pro
806 443 1046 495 temporum
1079 431 1347 494 proprietate
1381 430 1452 478 vel

75 504 331 569 prophetice
348 504 568 564 tegebant,
595 503 661 550 vel
679 502 937 566 prophetice
964 512 1123 547 tectum
1145 501 1359 564 sapienter
1382 501 1448 546 in-

76 575 343 635 telligebant.

141 645 306 693 XXXI.
351 646 573 710 Denique,
609 645 728 709 quod
761 661 850 690 non
873 654 1028 689 temere
1053 643 1230 690 dixerim
1255 680 1265 699 ,
1306 641 1451 688 nescio

79 728 228 763 utrum
246 716 475 780 quisquam
499 716 545 762 in
569 715 652 761 illis
670 715 792 761 libris
813 715 976 760 invenit
997 731 1154 760 nomen
1170 713 1290 773 regni
1313 711 1454 758 coelo-

80 803 197 843 rum,
215 786 336 849 quod
358 796 446 832 tam
469 786 623 831 crebro
637 786 832 831 nominat
844 785 1071 830 Dominus.
1092 784 1264 829 Dicitur
1276 781 1456 846 quidem

80 858 164 914 ibi,
194 878 214 898 (ι
233 856 410 917 Diligite
432 857 703 920 sapientiam,
737 866 785 902 ut
803 856 847 901 in
865 865 1077 901 aeternum
1104 854 1284 914 regnetis
1301 853 1335 900 1.
1360 874 1381 894 ›>
1400 852 1456 897 Et

82 928 176 992 ipsa
195 927 283 974 vita
308 938 484 983 aeterna‚
509 928 543 973 si
575 945 664 973 non
688 927 776 973 illic
799 927 844 972 in
863 924 1089 971 manifesto
1121 924 1452 988 praedicaretur,

84 1017 172 1045 non
196 998 357 1045 diceret
384 998 596 1044 Dominus
612 999 741 1044 etiam
772 997 895 1043 malis
917 997 941 1041 J
948 996 1085 1042 udaeis
1109 1013 1119 1041 :
1141 1017 1161 1037 α
1194 994 1459 1042 Scrutamini

87 1091 108 1112 »
133 1070 399 1133 Scripturas,
420 1069 466 1114 in
481 1069 642 1132 quibus
675 1068 838 1132 putatis
860 1084 936 1113 vos
968 1067 1102 1111 vitam
1127 1077 1333 1112 aeternam
1374 1064 1460 1109 ha-

88 1163 110 1183 »
135 1141 254 1196 bere,
276 1141 382 1203 ipsae
400 1139 696 1185 testimonium
715 1139 951 1202 perhibent
974 1138 1028 1183 de
1046 1155 1112 1182 me
1133 1139 1165 1184 '-'.
1191 1159 1211 1178 »
1233 1136 1332 1193 Quo
1348 1135 1462 1181 enim

89 1211 172 1257 nisi
198 1210 253 1256 ad
287 1211 374 1256 hoc
400 1210 605 1274 pertinet,
633 1209 828 1273 quodibi
851 1209 1062 1272 scriptum
1078 1219 1139 1254 est
1161 1225 1172 1252 :
1200 1229 1220 1249 α
1245 1208 1343 1253 Non
1367 1223 1466 1251 mo-

92 1304 113 1324 »
137 1281 240 1337 riar,
262 1281 335 1326 sed
358 1281 521 1337 vivam,
537 1290 580 1326 et
589 1280 800 1326 enarrabo
814 1297 945 1343 opera
963 1279 1139 1324 Domini
1154 1278 1171 1307 ὃ
1191 1295 1238 1323 :n
1252 1288 1310 1333 et,
1327 1298 1344 1319 (ι
1362 1276 1467 1322 Illu-

93 1374 114 1394 »
138 1353 255 1397 mina
274 1351 423 1397 oculos
442 1368 576 1407 meos,
598 1368 650 1397 ne
669 1368 863 1414 unquam
884 1349 1159 1395 obdormiam
1176 1349 1222 1394 in
1238 1346 1403 1393 mortel*
1421 1364 1432 1391 ε
1448 1368 1468 1388 »

94 1434 152 1479 et,
174 1445 194 1464 «
219 1427 240 1468 J
246 1433 440 1467 ustorum
480 1422 635 1468 animae
669 1422 714 1467 in
738 1438 870 1466 manu
896 1421 975 1466 Dei
1008 1430 1133 1475 sunt,
1156 1430 1197 1465 et
1218 1436 1307 1465 non
1327 1427 1472 1478 tanget

96 1516 117 1536 ³>
139 1493 236 1539 illos
268 1503 544 1539 tormentum.
577 1514 596 1533 >2
622 1493 677 1537 Et
696 1491 830 1555 paulo
852 1502 950 1554 post
971 1508 982 1535 ι
1022 1512 1041 1531 t<
1060 1490 1130 1536 llli
1145 1500 1288 1535 autem
1311 1488 1474 1535 suntin

99 1586 119 1605 »
144 1581 269 1626 pace.
294 1574 335 1608 et
360 1563 394 1609 si
412 1580 555 1609 coram
586 1562 838 1609 hominibus
860 1572 1073 1607 tormenta
1098 1562 1212 1624 passi
1231 1571 1349 1615 sunt,
1375 1576 1471 1622 spes

100 1657 120 1676 »
142 1633 316 1679 illorum
346 1633 668 1678 immortalitate
698 1632 824 1695 plena
852 1642 913 1676 est
944 1631 989 1683 ὃς
1020 1653 1039 1672 »
1068 1641 1111 1676 et
1139 1648 1148 1674 :
1187 1652 1206 1671 α
1237 1631 1290 1675 ln
1319 1628 1475 1692 paucis

102 1728 122 1748 ³)
149 1705 304 1757 vexati,
325 1705 372 1749 in
392 1705 539 1750 multis
556 1705 665 1749 bene
684 1703 970 1766 disponentur
987 1702 1020 1748 ⁶.
1054 1723 1074 1743 »
1094 1702 1150 1746 Et
1163 1702 1207 1746 in
1227 1701 1310 1746 alio
1337 1700 1434 1746 loco
1458 1717 1470 1744 z

102 1797 122 1817 «
148 1775 172 1819 J
179 1775 260 1820 usti
281 1785 421 1820 autem
442 1775 487 1819 in
501 1784 759 1837 perpetuum
780 1772 943 1827 vivent,
966 1781 1008 1816 et
1023 1771 1141 1835 apud
1156 1771 1394 1816 Dominum
1413 1780 1475 1814 est

105 1866 126 1886 >³
151 1862 310 1891 merces
332 1862 482 1891 eorum
503 1882 513 1900 ,
542 1855 583 1890 et
620 1844 824 1903 cogitatio
849 1859 1000 1887 eorum
1024 1840 1144 1904 apud
1172 1840 1464 1892 Altissimum3

106 1938 126 1958 »
152 1916 250 1962 ideo
277 1915 494 1978 accipient
532 1931 713 1975 regnum
749 1912 915 1958 decoris
938 1922 979 1956 et
1006 1910 1207 1957 diadema
1229 1910 1385 1974 speciei
1421 1909 1475 1955 de

106 2010 128 2031 ι)
151 2004 284 2033 manu
309 1986 487 2032 Domini
504 1985 538 2032 7.
566 2008 586 2027 »
605 1986 713 2031 Haec
732 1995 772 2030 et
805 1984 886 2029 alia
906 1983 1058 2039 multa,
1085 1983 1172 2028 sive
1188 1982 1474 2046 apertissima,

109 2059 196 2105 sive
206 2057 495 2112 subobscura,
515 2056 800 2102 inveniuntur
809 2054 899 2099 illic
914 2053 1158 2099 testimonia
1170 2053 1273 2099 vitae
1285 2062 1471 2097 aeternae.

111 2130 168 2176 Et
190 2128 243 2174 de
260 2128 355 2191 ipsa
379 2144 616 2190 corporum
642 2124 947 2171 resurrectione
980 2140 1070 2169 non
1099 2133 1329 2169 tacuerunt
1357 2123 1471 2167 Pro-

110 2199 273 2264 phetae.
314 2197 438 2244 Unde
465 2197 677 2243 Pharisaei
705 2196 931 2242 adversum
962 2194 1226 2241 Sadducaeos
1257 2210 1352 2239 eam
1391 2209 1480 2238 non

113 2270 350 2325 credentes,
387 2270 590 2315 acerrime
613 2267 907 2326 confligebant
933 2284 945 2311 ι
988 2265 1109 2329 quod
1146 2282 1236 2310 non
1272 2264 1413 2310 solum
1435 2263 1481 2308 in

117 2340 303 2388 Actibus
318 2339 625 2403 Apostolorum
639 2337 859 2383 canonicis
876 2336 913 2393 8,
929 2353 1037 2400 quos
1052 2336 1121 2381 isti
1135 2352 1223 2380 non
1241 2333 1481 2397 accipiunt,

118 2428 172 2457 ne
190 2410 243 2455 de
272 2409 461 2456 adventu
484 2410 572 2456 veri
597 2408 829 2464 Paracleti,
859 2424 988 2471 quem
1017 2406 1217 2471 promisit
1251 2404 1481 2461 Dominus,

121 2480 453 2538 convincantur,
478 2480 695 2527 evidenter
719 2489 926 2543 apparet3
952 2477 1236 2526 verumetiam
1265 2475 1312 2522 in
1337 2476 1486 2522 Evan-

172 2575 272 2617 ¹Sap.
288 2585 334 2611 π,
350 2585 405 2605 22.
423 2593 464 2598 -—
483 2573 499 2596 ²
514 2577 611 2606 Joan.
630 2584 659 2608 v,
676 2574 728 2613 39.
743 2589 787 2595 -
806 2569 820 2594 3
840 2571 920 2604 Psal.
941 2582 1039 2609 cxvii,
1058 2582 1113 2609 17.
1134 2586 1180 2592 —
1203 2565 1218 2590 4
1237 2567 1287 2603 Id.
1309 2578 1374 2613 ΧΠ,
1395 2567 1426 2600 5.
1443 2584 1487 2591 -

124 2626 138 2650 5
158 2629 234 2671 sap.
251 2638 304 2667 111,
326 2639 354 2660 1.
367 2625 439 2652 -6
452 2627 536 2662 ibid.
559 2629 590 2662 3.
605 2645 645 2654 —
661 2624 738 2659 ⁷1d.
754 2637 784 2667 v,
803 2626 854 2657 16.
872 2643 916 2651 —
933 2621 948 2648 ⁸
965 2628 1039 2659 Aet.
1057 2634 1147 2662 xxiv,
1171 2623 1221 2655 15.
