<?xml version="1.0" encoding="UTF-8"?>
<!DOCTYPE html PUBLIC "-//W3C//DTD XHTML 1.0 Transitional//EN"
    "http://www.w3.org/TR/xhtml1/DTD/xhtml1-transitional.dtd">
<html xmlns="http://www.w3.org/1999/xhtml" xml:lang="en" lang="en">
 <head>
  <title>
</title>
<meta http-equiv="Content-Type" content="text/html;charset=utf-8" />
  <meta name='ocr-system' content='tesseract 3.04.00' />
  <meta name='ocr-capabilities' content='ocr_page ocr_carea ocr_par ocr_line ocrx_word'/>
</head>
<body>
  <div class='ocr_page' id='page_1' title='image "./operaomniaaccura28auguuoft/operaomniaaccura28auguuoft_0087.png"; bbox 0 0 1795 3253; ppageno 0'>
   <div class='ocr_carea' id='block_1_1' title="bbox 205 263 1448 318">
    <p class='ocr_par' dir='ltr' id='par_1_1' title="bbox 205 263 1448 318">
     <span class='ocr_line' id='line_1_1' title="bbox 205 263 1448 318; baseline 0 -18"><span class='ocrx_word' id='word_1_1' title='bbox 205 266 380 300; x_wconf 80' lang='lat' dir='ltr'><strong>CONTRA</strong></span> <span class='ocrx_word' id='word_1_2' title='bbox 415 265 713 298; x_wconf 70' lang='lat' dir='ltr'><strong>FORTUNATUM</strong></span> <span class='ocrx_word' id='word_1_3' title='bbox 749 263 939 296; x_wconf 81' lang='lat' dir='ltr'>MANICH.</span> <span class='ocrx_word' id='word_1_4' title='bbox 981 266 1246 299; x_wconf 77' lang='lat' dir='ltr'><strong>DISPUTATIO</strong></span> <span class='ocrx_word' id='word_1_5' title='bbox 1284 269 1314 300; x_wconf 87' lang='grc' dir='ltr'>Ι.</span> <span class='ocrx_word' id='word_1_6' title='bbox 1390 271 1448 318; x_wconf 77' lang='grc'>’77</span> 
     </span>
    </p>
   </div>
   <div class='ocr_carea' id='block_1_2' title="bbox 69 330 1499 2652">
    <p class='ocr_par' dir='ltr' id='par_1_2' title="bbox 69 330 1452 533">
     <span class='ocr_line' id='line_1_2' title="bbox 73 330 1452 398; baseline 0 -16"><span class='ocrx_word' id='word_1_7' title='bbox 73 335 256 382; x_wconf 90' lang='lat' dir='ltr'>timonio</span> <span class='ocrx_word' id='word_1_8' title='bbox 272 372 283 392; x_wconf 84' lang='lat'><strong><em>‚</em></strong></span> <span class='ocrx_word' id='word_1_9' title='bbox 310 334 386 398; x_wconf 92' lang='lat' dir='ltr'>qui</span> <span class='ocrx_word' id='word_1_10' title='bbox 404 333 514 379; x_wconf 87' lang='lat' dir='ltr'>mihi</span> <span class='ocrx_word' id='word_1_11' title='bbox 541 343 581 378; x_wconf 90' lang='lat' dir='ltr'>et</span> <span class='ocrx_word' id='word_1_12' title='bbox 600 349 716 377; x_wconf 90' lang='lat' dir='ltr'>nunc</span> <span class='ocrx_word' id='word_1_13' title='bbox 740 330 921 377; x_wconf 89' lang='lat' dir='ltr'>idoneus</span> <span class='ocrx_word' id='word_1_14' title='bbox 939 343 1026 388; x_wconf 85' lang='lat' dir='ltr'>est,</span> <span class='ocrx_word' id='word_1_15' title='bbox 1059 345 1101 379; x_wconf 87' lang='lat' dir='ltr'>et</span> <span class='ocrx_word' id='word_1_16' title='bbox 1120 334 1164 380; x_wconf 93' lang='lat' dir='ltr'>in</span> <span class='ocrx_word' id='word_1_17' title='bbox 1182 334 1327 382; x_wconf 88' lang='lat' dir='ltr'>futura</span> <span class='ocrx_word' id='word_1_18' title='bbox 1345 337 1452 396; x_wconf 86' lang='lat' dir='ltr'>justi</span> 
     </span>
     <span class='ocr_line' id='line_1_3' title="bbox 69 401 1451 467; baseline 0.001 -15"><span class='ocrx_word' id='word_1_19' title='bbox 69 406 233 466; x_wconf 86' lang='lat' dir='ltr'>judicis</span> <span class='ocrx_word' id='word_1_20' title='bbox 253 405 418 451; x_wconf 84' lang='lat' dir='ltr'>Christi</span> <span class='ocrx_word' id='word_1_21' title='bbox 440 403 774 459; x_wconf 82' lang='lat' dir='ltr'>examinatione,</span> <span class='ocrx_word' id='word_1_22' title='bbox 805 401 838 448; x_wconf 87' lang='lat' dir='ltr'>si</span> <span class='ocrx_word' id='word_1_23' title='bbox 858 420 905 448; x_wconf 89' lang='lat' dir='ltr'>ea</span> <span class='ocrx_word' id='word_1_24' title='bbox 922 419 1022 467; x_wconf 79' lang='lat' dir='ltr'>quae</span> <span class='ocrx_word' id='word_1_25' title='bbox 1036 407 1259 464; x_wconf 87' lang='lat' dir='ltr'>jactantur</span> <span class='ocrx_word' id='word_1_26' title='bbox 1278 406 1388 453; x_wconf 88' lang='lat' dir='ltr'>vidit</span> <span class='ocrx_word' id='word_1_27' title='bbox 1405 408 1451 453; x_wconf 89' lang='lat' dir='ltr'>in</span> 
     </span>
     <span class='ocr_line' id='line_1_4' title="bbox 76 475 751 533; baseline -0.001 -12"><span class='ocrx_word' id='word_1_28' title='bbox 76 476 227 533; x_wconf 86' lang='lat' dir='ltr'>nobis,</span> <span class='ocrx_word' id='word_1_29' title='bbox 257 475 324 523; x_wconf 90' lang='lat' dir='ltr'>vel</span> <span class='ocrx_word' id='word_1_30' title='bbox 347 485 604 521; x_wconf 86' lang='lat' dir='ltr'>consecutus</span> <span class='ocrx_word' id='word_1_31' title='bbox 628 484 703 520; x_wconf 90' lang='lat' dir='ltr'>est.</span> <span class='ocrx_word' id='word_1_32' title='bbox 731 494 751 514; x_wconf 92' lang='lat'>»</span> 
     </span>
    </p>

    <p class='ocr_par' dir='ltr' id='par_1_3' title="bbox 75 542 1473 1949">
     <span class='ocr_line' id='line_1_5' title="bbox 142 542 1455 606; baseline 0.002 -14"><span class='ocrx_word' id='word_1_33' title='bbox 142 547 226 592; x_wconf 91' lang='grc' dir='ltr'><strong>ΙΙΙ.</strong></span> <span class='ocrx_word' id='word_1_34' title='bbox 269 546 381 592; x_wconf 65' lang='lat' dir='ltr'>Ana.</span> <span class='ocrx_word' id='word_1_35' title='bbox 414 544 520 590; x_wconf 84' lang='lat' dir='ltr'>dixit</span> <span class='ocrx_word' id='word_1_36' title='bbox 550 561 560 589; x_wconf 78' lang='lat' dir='ltr'><strong><em>z</em></strong></span> <span class='ocrx_word' id='word_1_37' title='bbox 599 542 666 589; x_wconf 84' lang='lat' dir='ltr'>Ad</span> <span class='ocrx_word' id='word_1_38' title='bbox 699 542 817 588; x_wconf 88' lang='lat' dir='ltr'>aliud</span> <span class='ocrx_word' id='word_1_39' title='bbox 850 560 1004 600; x_wconf 77' lang='lat' dir='ltr'>vocas,</span> <span class='ocrx_word' id='word_1_40' title='bbox 1039 562 1141 590; x_wconf 92' lang='lat' dir='ltr'>cum</span> <span class='ocrx_word' id='word_1_41' title='bbox 1176 562 1252 606; x_wconf 86' lang='lat' dir='ltr'>ego</span> <span class='ocrx_word' id='word_1_42' title='bbox 1286 547 1338 593; x_wconf 90' lang='lat' dir='ltr'>de</span> <span class='ocrx_word' id='word_1_43' title='bbox 1369 547 1455 594; x_wconf 89' lang='lat' dir='ltr'>fide</span> 
     </span>
     <span class='ocr_line' id='line_1_6' title="bbox 76 613 1456 682; baseline 0.001 -20"><span class='ocrx_word' id='word_1_44' title='bbox 76 616 395 681; x_wconf 86' lang='lat' dir='ltr'>proposuerim.</span> <span class='ocrx_word' id='word_1_45' title='bbox 430 616 492 660; x_wconf 88' lang='lat' dir='ltr'>De</span> <span class='ocrx_word' id='word_1_46' title='bbox 511 613 705 659; x_wconf 86' lang='lat' dir='ltr'>moribus</span> <span class='ocrx_word' id='word_1_47' title='bbox 724 623 867 658; x_wconf 84' lang='lat' dir='ltr'>autem</span> <span class='ocrx_word' id='word_1_48' title='bbox 892 615 1042 660; x_wconf 82' lang='lat' dir='ltr'>vestris</span> <span class='ocrx_word' id='word_1_49' title='bbox 1071 615 1198 678; x_wconf 84' lang='lat' dir='ltr'>plene</span> <span class='ocrx_word' id='word_1_50' title='bbox 1215 617 1323 662; x_wconf 87' lang='lat' dir='ltr'>scire</span> <span class='ocrx_word' id='word_1_51' title='bbox 1350 636 1456 682; x_wconf 87' lang='lat' dir='ltr'>pos-</span> 
     </span>
     <span class='ocr_line' id='line_1_7' title="bbox 78 684 1458 751; baseline 0.001 -17"><span class='ocrx_word' id='word_1_52' title='bbox 78 698 178 734; x_wconf 85' lang='lat' dir='ltr'>sunt</span> <span class='ocrx_word' id='word_1_53' title='bbox 195 687 270 751; x_wconf 91' lang='lat' dir='ltr'>qui</span> <span class='ocrx_word' id='word_1_54' title='bbox 294 686 432 732; x_wconf 89' lang='lat' dir='ltr'>Electi</span> <span class='ocrx_word' id='word_1_55' title='bbox 449 686 577 732; x_wconf 85' lang='lat' dir='ltr'>vestri</span> <span class='ocrx_word' id='word_1_56' title='bbox 597 696 709 731; x_wconf 89' lang='lat' dir='ltr'>sunt.</span> <span class='ocrx_word' id='word_1_57' title='bbox 737 684 880 730; x_wconf 84' lang='lat' dir='ltr'>Nostis</span> <span class='ocrx_word' id='word_1_58' title='bbox 901 697 1045 731; x_wconf 89' lang='lat' dir='ltr'>autem</span> <span class='ocrx_word' id='word_1_59' title='bbox 1067 704 1134 732; x_wconf 90' lang='lat' dir='ltr'>me</span> <span class='ocrx_word' id='word_1_60' title='bbox 1153 704 1239 732; x_wconf 91' lang='lat' dir='ltr'>non</span> <span class='ocrx_word' id='word_1_61' title='bbox 1260 688 1458 735; x_wconf 80' lang='lat' dir='ltr'>Electum</span> 
     </span>
     <span class='ocr_line' id='line_1_8' title="bbox 77 755 1459 820; baseline -0.001 -14"><span class='ocrx_word' id='word_1_62' title='bbox 77 769 269 806; x_wconf 89' lang='lat' dir='ltr'>vestrum</span> <span class='ocrx_word' id='word_1_63' title='bbox 287 795 298 814; x_wconf 84' lang='lat'>‚</span> <span class='ocrx_word' id='word_1_64' title='bbox 325 757 397 803; x_wconf 90' lang='lat' dir='ltr'>sed</span> <span class='ocrx_word' id='word_1_65' title='bbox 425 757 679 802; x_wconf 89' lang='lat' dir='ltr'>Auditorem</span> <span class='ocrx_word' id='word_1_66' title='bbox 708 755 852 802; x_wconf 86' lang='lat' dir='ltr'>fuisse.</span> <span class='ocrx_word' id='word_1_67' title='bbox 883 757 1034 820; x_wconf 88' lang='lat' dir='ltr'>Itaque</span> <span class='ocrx_word' id='word_1_68' title='bbox 1063 759 1259 820; x_wconf 84' lang='lat' dir='ltr'>quamvis</span> <span class='ocrx_word' id='word_1_69' title='bbox 1287 770 1328 805; x_wconf 89' lang='lat' dir='ltr'>et</span> <span class='ocrx_word' id='word_1_70' title='bbox 1358 777 1459 805; x_wconf 89' lang='lat' dir='ltr'>ora-</span> 
     </span>
     <span class='ocr_line' id='line_1_9' title="bbox 80 827 1455 894; baseline 0.001 -18"><span class='ocrx_word' id='word_1_71' title='bbox 80 830 188 876; x_wconf 90' lang='lat' dir='ltr'>tioni</span> <span class='ocrx_word' id='word_1_72' title='bbox 209 839 362 876; x_wconf 82' lang='lat' dir='ltr'>vestrae</span> <span class='ocrx_word' id='word_1_73' title='bbox 387 827 657 874; x_wconf 79' lang='lat' dir='ltr'>interfuerim</span> <span class='ocrx_word' id='word_1_74' title='bbox 672 865 682 884; x_wconf 82' lang='grc'>,</span> <span class='ocrx_word' id='word_1_75' title='bbox 711 837 760 872; x_wconf 90' lang='lat' dir='ltr'>ut</span> <span class='ocrx_word' id='word_1_76' title='bbox 777 827 1051 887; x_wconf 80' lang='lat' dir='ltr'>interrogasti</span> <span class='ocrx_word' id='word_1_77' title='bbox 1074 846 1084 872; x_wconf 72' lang='grc' dir='ltr'>ε</span> <span class='ocrx_word' id='word_1_78' title='bbox 1111 839 1257 874; x_wconf 80' lang='lat' dir='ltr'>uti-um</span> <span class='ocrx_word' id='word_1_79' title='bbox 1277 847 1455 894; x_wconf 85' lang='lat' dir='ltr'>separa-</span> 
     </span>
     <span class='ocr_line' id='line_1_10' title="bbox 80 898 1459 962; baseline 0.001 -15"><span class='ocrx_word' id='word_1_80' title='bbox 80 902 158 947; x_wconf 90' lang='lat' dir='ltr'>tim</span> <span class='ocrx_word' id='word_1_81' title='bbox 184 900 412 947; x_wconf 87' lang='lat' dir='ltr'>vobiscum</span> <span class='ocrx_word' id='word_1_82' title='bbox 445 899 644 944; x_wconf 88' lang='lat' dir='ltr'>habeatis</span> <span class='ocrx_word' id='word_1_83' title='bbox 675 898 865 962; x_wconf 83' lang='lat' dir='ltr'>aliquam</span> <span class='ocrx_word' id='word_1_84' title='bbox 902 899 1162 957; x_wconf 79' lang='lat' dir='ltr'>orationem,</span> <span class='ocrx_word' id='word_1_85' title='bbox 1202 901 1317 946; x_wconf 91' lang='lat' dir='ltr'>Deus</span> <span class='ocrx_word' id='word_1_86' title='bbox 1347 902 1459 948; x_wconf 86' lang='lat' dir='ltr'>solus</span> 
     </span>
     <span class='ocr_line' id='line_1_11' title="bbox 75 969 1460 1036; baseline 0 -18"><span class='ocrx_word' id='word_1_87' title='bbox 75 982 219 1036; x_wconf 89' lang='lat' dir='ltr'>potest</span> <span class='ocrx_word' id='word_1_88' title='bbox 238 988 358 1016; x_wconf 89' lang='lat' dir='ltr'>nosse</span> <span class='ocrx_word' id='word_1_89' title='bbox 376 1008 386 1026; x_wconf 89' lang='lat'>‚</span> <span class='ocrx_word' id='word_1_90' title='bbox 414 981 456 1015; x_wconf 90' lang='lat' dir='ltr'>et</span> <span class='ocrx_word' id='word_1_91' title='bbox 474 987 563 1016; x_wconf 88' lang='lat' dir='ltr'>VOS.</span> <span class='ocrx_word' id='word_1_92' title='bbox 598 970 689 1029; x_wconf 78' lang='lat' dir='ltr'>Ego</span> <span class='ocrx_word' id='word_1_93' title='bbox 715 980 860 1014; x_wconf 85' lang='lat' dir='ltr'>tamen</span> <span class='ocrx_word' id='word_1_94' title='bbox 884 969 930 1014; x_wconf 90' lang='lat' dir='ltr'>in</span> <span class='ocrx_word' id='word_1_95' title='bbox 946 970 1139 1016; x_wconf 87' lang='lat' dir='ltr'>oratione</span> <span class='ocrx_word' id='word_1_96' title='bbox 1156 971 1200 1016; x_wconf 92' lang='lat' dir='ltr'>in</span> <span class='ocrx_word' id='word_1_97' title='bbox 1225 989 1310 1035; x_wconf 83' lang='lat' dir='ltr'>qua</span> <span class='ocrx_word' id='word_1_98' title='bbox 1331 973 1460 1018; x_wconf 82' lang='lat' dir='ltr'>inter-</span> 
     </span>
     <span class='ocr_line' id='line_1_12' title="bbox 76 1038 1460 1104; baseline 0.001 -17"><span class='ocrx_word' id='word_1_99' title='bbox 76 1040 167 1098; x_wconf 86' lang='lat' dir='ltr'>fui,</span> <span class='ocrx_word' id='word_1_100' title='bbox 197 1040 309 1087; x_wconf 86' lang='lat' dir='ltr'>nihil</span> <span class='ocrx_word' id='word_1_101' title='bbox 334 1051 460 1104; x_wconf 84' lang='lat' dir='ltr'>turpe</span> <span class='ocrx_word' id='word_1_102' title='bbox 486 1040 577 1084; x_wconf 88' lang='lat' dir='ltr'>fieri</span> <span class='ocrx_word' id='word_1_103' title='bbox 605 1039 695 1085; x_wconf 88' lang='lat' dir='ltr'>vidi</span> <span class='ocrx_word' id='word_1_104' title='bbox 724 1056 735 1084; x_wconf 89' lang='lat'><strong>:</strong></span> <span class='ocrx_word' id='word_1_105' title='bbox 764 1039 835 1084; x_wconf 92' lang='lat' dir='ltr'>sed</span> <span class='ocrx_word' id='word_1_106' title='bbox 866 1038 1005 1085; x_wconf 89' lang='lat' dir='ltr'>solum</span> <span class='ocrx_word' id='word_1_107' title='bbox 1031 1051 1183 1086; x_wconf 84' lang='lat' dir='ltr'>contra</span> <span class='ocrx_word' id='word_1_108' title='bbox 1207 1041 1337 1087; x_wconf 86' lang='lat' dir='ltr'>fidem</span> <span class='ocrx_word' id='word_1_109' title='bbox 1363 1044 1460 1088; x_wconf 85' lang='lat' dir='ltr'>ani-</span> 
     </span>
     <span class='ocr_line' id='line_1_13' title="bbox 80 1109 1462 1175; baseline 0.001 -17"><span class='ocrx_word' id='word_1_110' title='bbox 80 1111 297 1158; x_wconf 90' lang='lat' dir='ltr'>madverti</span> <span class='ocrx_word' id='word_1_111' title='bbox 315 1148 326 1167; x_wconf 83' lang='lat'>‚</span> <span class='ocrx_word' id='word_1_112' title='bbox 355 1127 485 1174; x_wconf 89' lang='lat' dir='ltr'>quam</span> <span class='ocrx_word' id='word_1_113' title='bbox 508 1120 656 1173; x_wconf 85' lang='lat' dir='ltr'>postea</span> <span class='ocrx_word' id='word_1_114' title='bbox 683 1109 819 1154; x_wconf 86' lang='lat' dir='ltr'>didici</span> <span class='ocrx_word' id='word_1_115' title='bbox 849 1120 891 1155; x_wconf 89' lang='lat' dir='ltr'>et</span> <span class='ocrx_word' id='word_1_116' title='bbox 916 1110 1133 1172; x_wconf 81' lang='lat' dir='ltr'>probavi,</span> <span class='ocrx_word' id='word_1_117' title='bbox 1167 1112 1287 1175; x_wconf 89' lang='lat' dir='ltr'>quod</span> <span class='ocrx_word' id='word_1_118' title='bbox 1311 1124 1462 1159; x_wconf 85' lang='lat' dir='ltr'>contra</span> 
     </span>
     <span class='ocr_line' id='line_1_14' title="bbox 80 1180 1464 1229; baseline 0.001 -1"><span class='ocrx_word' id='word_1_119' title='bbox 80 1181 212 1228; x_wconf 88' lang='lat' dir='ltr'>solem</span> <span class='ocrx_word' id='word_1_120' title='bbox 231 1180 373 1227; x_wconf 88' lang='lat' dir='ltr'>facitis</span> <span class='ocrx_word' id='word_1_121' title='bbox 397 1181 651 1226; x_wconf 87' lang='lat' dir='ltr'>orationem.</span> <span class='ocrx_word' id='word_1_122' title='bbox 679 1180 844 1225; x_wconf 81' lang='lat' dir='ltr'>Praeter</span> <span class='ocrx_word' id='word_1_123' title='bbox 862 1180 948 1225; x_wconf 89' lang='lat' dir='ltr'>hoc</span> <span class='ocrx_word' id='word_1_124' title='bbox 966 1180 1011 1225; x_wconf 93' lang='lat' dir='ltr'>in</span> <span class='ocrx_word' id='word_1_125' title='bbox 1027 1180 1098 1225; x_wconf 92' lang='lat' dir='ltr'>illa</span> <span class='ocrx_word' id='word_1_126' title='bbox 1117 1183 1309 1228; x_wconf 87' lang='lat' dir='ltr'>oratione</span> <span class='ocrx_word' id='word_1_127' title='bbox 1327 1195 1464 1229; x_wconf 85' lang='lat' dir='ltr'>vestra</span> 
     </span>
     <span class='ocr_line' id='line_1_15' title="bbox 79 1250 1464 1317; baseline 0 -18"><span class='ocrx_word' id='word_1_128' title='bbox 79 1252 193 1300; x_wconf 89' lang='lat' dir='ltr'>nihil</span> <span class='ocrx_word' id='word_1_129' title='bbox 215 1252 316 1298; x_wconf 90' lang='lat' dir='ltr'>novi</span> <span class='ocrx_word' id='word_1_130' title='bbox 339 1251 548 1314; x_wconf 88' lang='lat' dir='ltr'>comperi.</span> <span class='ocrx_word' id='word_1_131' title='bbox 577 1250 784 1313; x_wconf 84' lang='lat' dir='ltr'>Quisquis</span> <span class='ocrx_word' id='word_1_132' title='bbox 806 1260 948 1295; x_wconf 88' lang='lat' dir='ltr'>autem</span> <span class='ocrx_word' id='word_1_133' title='bbox 972 1251 1096 1297; x_wconf 80' lang='lat' dir='ltr'>vobis</span> <span class='ocrx_word' id='word_1_134' title='bbox 1120 1255 1305 1315; x_wconf 90' lang='lat' dir='ltr'>opponit</span> <span class='ocrx_word' id='word_1_135' title='bbox 1324 1271 1464 1317; x_wconf 83' lang='lat' dir='ltr'>quaes-</span> 
     </span>
     <span class='ocr_line' id='line_1_16' title="bbox 82 1320 1455 1387; baseline 0.001 -18"><span class='ocrx_word' id='word_1_136' title='bbox 82 1324 243 1369; x_wconf 90' lang='lat' dir='ltr'>tionem</span> <span class='ocrx_word' id='word_1_137' title='bbox 280 1322 470 1386; x_wconf 80' lang='lat' dir='ltr'>aliquam</span> <span class='ocrx_word' id='word_1_138' title='bbox 505 1320 558 1367; x_wconf 90' lang='lat' dir='ltr'>de</span> <span class='ocrx_word' id='word_1_139' title='bbox 600 1321 796 1366; x_wconf 90' lang='lat' dir='ltr'>moribus</span> <span class='ocrx_word' id='word_1_140' title='bbox 812 1358 822 1376; x_wconf 82' lang='grc'><em>,</em></span> <span class='ocrx_word' id='word_1_141' title='bbox 866 1321 1024 1366; x_wconf 87' lang='lat' dir='ltr'>Electis</span> <span class='ocrx_word' id='word_1_142' title='bbox 1065 1324 1215 1368; x_wconf 78' lang='lat' dir='ltr'>vestris</span> <span class='ocrx_word' id='word_1_143' title='bbox 1257 1325 1455 1387; x_wconf 84' lang='lat' dir='ltr'>opponit.</span> 
     </span>
     <span class='ocr_line' id='line_1_17' title="bbox 84 1392 1464 1454; baseline 0 -14"><span class='ocrx_word' id='word_1_144' title='bbox 84 1394 207 1451; x_wconf 87' lang='lat' dir='ltr'>Quid</span> <span class='ocrx_word' id='word_1_145' title='bbox 235 1404 378 1440; x_wconf 90' lang='lat' dir='ltr'>autem</span> <span class='ocrx_word' id='word_1_146' title='bbox 404 1392 517 1437; x_wconf 90' lang='lat' dir='ltr'>inter</span> <span class='ocrx_word' id='word_1_147' title='bbox 538 1409 614 1438; x_wconf 75' lang='lat' dir='ltr'>vos</span> <span class='ocrx_word' id='word_1_148' title='bbox 633 1393 767 1451; x_wconf 84' lang='lat' dir='ltr'>agatis</span> <span class='ocrx_word' id='word_1_149' title='bbox 784 1429 794 1446; x_wconf 82' lang='grc'>,</span> <span class='ocrx_word' id='word_1_150' title='bbox 822 1392 899 1454; x_wconf 86' lang='lat' dir='ltr'>qui</span> <span class='ocrx_word' id='word_1_151' title='bbox 927 1392 1063 1438; x_wconf 85' lang='lat' dir='ltr'>Electi</span> <span class='ocrx_word' id='word_1_152' title='bbox 1087 1394 1185 1438; x_wconf 87' lang='lat' dir='ltr'>estis</span> <span class='ocrx_word' id='word_1_153' title='bbox 1203 1431 1214 1450; x_wconf 88' lang='lat'>‚</span> <span class='ocrx_word' id='word_1_154' title='bbox 1246 1412 1323 1454; x_wconf 80' lang='lat' dir='ltr'>ego</span> <span class='ocrx_word' id='word_1_155' title='bbox 1356 1396 1464 1440; x_wconf 87' lang='lat' dir='ltr'>scire</span> 
     </span>
     <span class='ocr_line' id='line_1_18' title="bbox 83 1461 1465 1528; baseline 0 -18"><span class='ocrx_word' id='word_1_156' title='bbox 83 1482 172 1511; x_wconf 91' lang='lat' dir='ltr'>non</span> <span class='ocrx_word' id='word_1_157' title='bbox 195 1481 386 1528; x_wconf 87' lang='lat' dir='ltr'>possum.</span> <span class='ocrx_word' id='word_1_158' title='bbox 417 1464 528 1508; x_wconf 89' lang='lat' dir='ltr'>Nam</span> <span class='ocrx_word' id='word_1_159' title='bbox 556 1472 597 1507; x_wconf 88' lang='lat' dir='ltr'>et</span> <span class='ocrx_word' id='word_1_160' title='bbox 627 1462 950 1507; x_wconf 87' lang='lat' dir='ltr'>Eucharistiam</span> <span class='ocrx_word' id='word_1_161' title='bbox 983 1461 1131 1508; x_wconf 90' lang='lat' dir='ltr'>audivi</span> <span class='ocrx_word' id='word_1_162' title='bbox 1155 1481 1178 1508; x_wconf 91' lang='lat' dir='ltr'>a</span> <span class='ocrx_word' id='word_1_163' title='bbox 1202 1464 1326 1510; x_wconf 85' lang='lat' dir='ltr'>vobis</span> <span class='ocrx_word' id='word_1_164' title='bbox 1350 1482 1465 1528; x_wconf 81' lang='lat' dir='ltr'>saepe</span> 
     </span>
     <span class='ocr_line' id='line_1_19' title="bbox 85 1532 1460 1599; baseline 0.001 -18"><span class='ocrx_word' id='word_1_165' title='bbox 85 1535 206 1599; x_wconf 90' lang='lat' dir='ltr'>quod</span> <span class='ocrx_word' id='word_1_166' title='bbox 219 1533 468 1597; x_wconf 83' lang='lat' dir='ltr'>accipiatis:</span> <span class='ocrx_word' id='word_1_167' title='bbox 491 1544 660 1596; x_wconf 84' lang='lat' dir='ltr'>tempus</span> <span class='ocrx_word' id='word_1_168' title='bbox 681 1543 822 1578; x_wconf 88' lang='lat' dir='ltr'>autem</span> <span class='ocrx_word' id='word_1_169' title='bbox 836 1532 1080 1595; x_wconf 85' lang='lat' dir='ltr'>accipiendi</span> <span class='ocrx_word' id='word_1_170' title='bbox 1094 1550 1195 1579; x_wconf 88' lang='lat' dir='ltr'>cum</span> <span class='ocrx_word' id='word_1_171' title='bbox 1212 1552 1280 1580; x_wconf 87' lang='lat' dir='ltr'>me</span> <span class='ocrx_word' id='word_1_172' title='bbox 1293 1535 1460 1592; x_wconf 83' lang='lat' dir='ltr'>lateret,</span> 
     </span>
     <span class='ocr_line' id='line_1_20' title="bbox 83 1602 1468 1670; baseline 0.001 -19"><span class='ocrx_word' id='word_1_173' title='bbox 83 1605 194 1670; x_wconf 88' lang='lat' dir='ltr'>quid</span> <span class='ocrx_word' id='word_1_174' title='bbox 212 1604 437 1667; x_wconf 83' lang='lat' dir='ltr'>accipiatis</span> <span class='ocrx_word' id='word_1_175' title='bbox 452 1640 462 1659; x_wconf 87' lang='lat'>‚</span> <span class='ocrx_word' id='word_1_176' title='bbox 493 1602 608 1648; x_wconf 90' lang='lat' dir='ltr'>unde</span> <span class='ocrx_word' id='word_1_177' title='bbox 633 1620 755 1647; x_wconf 78' lang='lat' dir='ltr'>nosse</span> <span class='ocrx_word' id='word_1_178' title='bbox 781 1603 938 1666; x_wconf 66' lang='lat' dir='ltr'>potui?</span> <span class='ocrx_word' id='word_1_179' title='bbox 965 1604 1117 1666; x_wconf 90' lang='lat' dir='ltr'>ltaque</span> <span class='ocrx_word' id='word_1_180' title='bbox 1141 1621 1259 1651; x_wconf 89' lang='lat' dir='ltr'>serva</span> <span class='ocrx_word' id='word_1_181' title='bbox 1278 1643 1289 1662; x_wconf 79' lang='grc'>,</span> <span class='ocrx_word' id='word_1_182' title='bbox 1316 1608 1349 1651; x_wconf 88' lang='lat' dir='ltr'>si</span> <span class='ocrx_word' id='word_1_183' title='bbox 1368 1607 1468 1670; x_wconf 87' lang='lat' dir='ltr'>pla-</span> 
     </span>
     <span class='ocr_line' id='line_1_21' title="bbox 86 1673 1467 1738; baseline 0.001 -17"><span class='ocrx_word' id='word_1_184' title='bbox 86 1686 184 1732; x_wconf 82' lang='lat' dir='ltr'>cet,</span> <span class='ocrx_word' id='word_1_185' title='bbox 218 1674 504 1738; x_wconf 88' lang='lat' dir='ltr'>quaestionem</span> <span class='ocrx_word' id='word_1_186' title='bbox 541 1673 595 1719; x_wconf 84' lang='lat' dir='ltr'>de</span> <span class='ocrx_word' id='word_1_187' title='bbox 627 1673 849 1729; x_wconf 82' lang='lat' dir='ltr'>moribus,</span> <span class='ocrx_word' id='word_1_188' title='bbox 893 1683 942 1718; x_wconf 90' lang='lat' dir='ltr'>ut</span> <span class='ocrx_word' id='word_1_189' title='bbox 976 1674 1088 1718; x_wconf 90' lang='lat' dir='ltr'>inter</span> <span class='ocrx_word' id='word_1_190' title='bbox 1115 1675 1285 1721; x_wconf 84' lang='lat' dir='ltr'>Electos</span> <span class='ocrx_word' id='word_1_191' title='bbox 1307 1689 1467 1723; x_wconf 89' lang='lat' dir='ltr'>vestros</span> 
     </span>
     <span class='ocr_line' id='line_1_22' title="bbox 87 1743 1464 1807; baseline 0.001 -15"><span class='ocrx_word' id='word_1_192' title='bbox 87 1745 346 1792; x_wconf 85' lang='lat' dir='ltr'>discutiatur</span> <span class='ocrx_word' id='word_1_193' title='bbox 361 1782 373 1800; x_wconf 88' lang='lat'>,</span> <span class='ocrx_word' id='word_1_194' title='bbox 395 1744 427 1790; x_wconf 88' lang='lat' dir='ltr'>si</span> <span class='ocrx_word' id='word_1_195' title='bbox 449 1743 611 1789; x_wconf 86' lang='lat' dir='ltr'>discuti</span> <span class='ocrx_word' id='word_1_196' title='bbox 630 1754 785 1807; x_wconf 81' lang='lat' dir='ltr'>potest.</span> <span class='ocrx_word' id='word_1_197' title='bbox 814 1743 925 1788; x_wconf 89' lang='lat' dir='ltr'>Mihi</span> <span class='ocrx_word' id='word_1_198' title='bbox 949 1743 1055 1789; x_wconf 89' lang='lat' dir='ltr'>fides</span> <span class='ocrx_word' id='word_1_199' title='bbox 1075 1743 1176 1790; x_wconf 89' lang='lat' dir='ltr'>data</span> <span class='ocrx_word' id='word_1_200' title='bbox 1194 1757 1255 1791; x_wconf 88' lang='lat' dir='ltr'>est</span> <span class='ocrx_word' id='word_1_201' title='bbox 1276 1766 1298 1791; x_wconf 81' lang='lat' dir='ltr'>a</span> <span class='ocrx_word' id='word_1_202' title='bbox 1315 1749 1439 1794; x_wconf 78' lang='lat' dir='ltr'>vobis</span> <span class='ocrx_word' id='word_1_203' title='bbox 1453 1786 1464 1805; x_wconf 84' lang='lat'><strong><em>‚</em></strong></span> 
     </span>
     <span class='ocr_line' id='line_1_23' title="bbox 88 1814 1473 1882; baseline 0.001 -19"><span class='ocrx_word' id='word_1_204' title='bbox 88 1834 220 1880; x_wconf 87' lang='lat' dir='ltr'>quarn</span> <span class='ocrx_word' id='word_1_205' title='bbox 245 1815 378 1862; x_wconf 89' lang='lat' dir='ltr'>hodie</span> <span class='ocrx_word' id='word_1_206' title='bbox 398 1815 619 1878; x_wconf 81' lang='lat' dir='ltr'>improbO.</span> <span class='ocrx_word' id='word_1_207' title='bbox 654 1817 716 1859; x_wconf 90' lang='lat' dir='ltr'>De</span> <span class='ocrx_word' id='word_1_208' title='bbox 734 1814 829 1878; x_wconf 86' lang='lat' dir='ltr'>ipsa</span> <span class='ocrx_word' id='word_1_209' title='bbox 850 1815 1063 1878; x_wconf 88' lang='lat' dir='ltr'>proposui</span> <span class='ocrx_word' id='word_1_210' title='bbox 1087 1832 1100 1862; x_wconf 68' lang='grc' dir='ltr'><strong><em>ε</em></strong></span> <span class='ocrx_word' id='word_1_211' title='bbox 1123 1816 1175 1861; x_wconf 89' lang='lat' dir='ltr'>ad</span> <span class='ocrx_word' id='word_1_212' title='bbox 1193 1819 1473 1882; x_wconf 89' lang='lat' dir='ltr'>propositum</span> 
     </span>
     <span class='ocr_line' id='line_1_24' title="bbox 88 1882 714 1949; baseline -0.005 -15"><span class='ocrx_word' id='word_1_213' title='bbox 88 1905 234 1934; x_wconf 90' lang='lat' dir='ltr'>meum</span> <span class='ocrx_word' id='word_1_214' title='bbox 251 1887 363 1932; x_wconf 89' lang='lat' dir='ltr'>mihi</span> <span class='ocrx_word' id='word_1_215' title='bbox 387 1882 714 1949; x_wconf 79' lang='lat' dir='ltr'>respondeatur.</span> 
     </span>
    </p>

    <p class='ocr_par' dir='ltr' id='par_1_4' title="bbox 90 1955 1487 2515">
     <span class='ocr_line' id='line_1_25' title="bbox 157 1955 1474 2022; baseline 0.002 -18"><span class='ocrx_word' id='word_1_216' title='bbox 157 1960 293 2004; x_wconf 74' lang='lat' dir='ltr'>Fonr.</span> <span class='ocrx_word' id='word_1_217' title='bbox 325 1956 432 2002; x_wconf 87' lang='lat' dir='ltr'>dixit</span> <span class='ocrx_word' id='word_1_218' title='bbox 456 1974 466 2001; x_wconf 89' lang='lat'><strong>:</strong></span> <span class='ocrx_word' id='word_1_219' title='bbox 495 1977 515 1998; x_wconf 77' lang='grc' dir='ltr'>ε(</span> <span class='ocrx_word' id='word_1_220' title='bbox 543 1956 598 2000; x_wconf 87' lang='lat' dir='ltr'>Et</span> <span class='ocrx_word' id='word_1_221' title='bbox 622 1966 768 2001; x_wconf 87' lang='lat' dir='ltr'>nostra</span> <span class='ocrx_word' id='word_1_222' title='bbox 792 1955 999 2019; x_wconf 87' lang='lat' dir='ltr'>professio</span> <span class='ocrx_word' id='word_1_223' title='bbox 1024 1957 1116 2019; x_wconf 86' lang='lat' dir='ltr'>ipsa</span> <span class='ocrx_word' id='word_1_224' title='bbox 1139 1969 1230 2014; x_wconf 85' lang='lat' dir='ltr'>est,</span> <span class='ocrx_word' id='word_1_225' title='bbox 1257 1961 1378 2022; x_wconf 88' lang='lat' dir='ltr'>quod</span> <span class='ocrx_word' id='word_1_226' title='bbox 1401 1961 1474 2006; x_wconf 90' lang='lat' dir='ltr'>in-</span> 
     </span>
     <span class='ocr_line' id='line_1_26' title="bbox 90 2025 1472 2091; baseline 0.001 -17"><span class='ocrx_word' id='word_1_227' title='bbox 90 2026 392 2091; x_wconf 90' lang='lat' dir='ltr'>corruptibilis</span> <span class='ocrx_word' id='word_1_228' title='bbox 416 2027 471 2071; x_wconf 88' lang='lat' dir='ltr'>sit</span> <span class='ocrx_word' id='word_1_229' title='bbox 509 2026 623 2070; x_wconf 88' lang='lat' dir='ltr'>Deus</span> <span class='ocrx_word' id='word_1_230' title='bbox 641 2063 652 2082; x_wconf 86' lang='grc'>,</span> <span class='ocrx_word' id='word_1_231' title='bbox 687 2025 807 2088; x_wconf 85' lang='lat' dir='ltr'>quod</span> <span class='ocrx_word' id='word_1_232' title='bbox 840 2025 1014 2072; x_wconf 84' lang='lat' dir='ltr'>lucidus</span> <span class='ocrx_word' id='word_1_233' title='bbox 1033 2063 1044 2082; x_wconf 86' lang='lat'><strong><em>‚</em></strong></span> <span class='ocrx_word' id='word_1_234' title='bbox 1082 2028 1201 2090; x_wconf 91' lang='lat' dir='ltr'>quod</span> <span class='ocrx_word' id='word_1_235' title='bbox 1224 2029 1446 2076; x_wconf 87' lang='lat' dir='ltr'>inadibilis</span> <span class='ocrx_word' id='word_1_236' title='bbox 1461 2069 1472 2088; x_wconf 90' lang='lat'>‚</span> 
     </span>
     <span class='ocr_line' id='line_1_27' title="bbox 93 2095 1477 2165; baseline 0.001 -20"><span class='ocrx_word' id='word_1_237' title='bbox 93 2098 212 2162; x_wconf 88' lang='lat' dir='ltr'>quod</span> <span class='ocrx_word' id='word_1_238' title='bbox 246 2097 513 2151; x_wconf 85' lang='lat' dir='ltr'>intenibilis,</span> <span class='ocrx_word' id='word_1_239' title='bbox 551 2095 831 2159; x_wconf 85' lang='lat' dir='ltr'>impassibilis</span> <span class='ocrx_word' id='word_1_240' title='bbox 849 2133 859 2149; x_wconf 84' lang='lat'>,</span> <span class='ocrx_word' id='word_1_241' title='bbox 898 2106 1104 2142; x_wconf 83' lang='lat' dir='ltr'>aeternam</span> <span class='ocrx_word' id='word_1_242' title='bbox 1141 2097 1282 2144; x_wconf 89' lang='lat' dir='ltr'>lucem</span> <span class='ocrx_word' id='word_1_243' title='bbox 1308 2111 1349 2146; x_wconf 89' lang='lat' dir='ltr'>et</span> <span class='ocrx_word' id='word_1_244' title='bbox 1371 2119 1477 2165; x_wconf 84' lang='lat' dir='ltr'>pro-</span> 
     </span>
     <span class='ocr_line' id='line_1_28' title="bbox 92 2165 1478 2234; baseline 0.002 -20"><span class='ocrx_word' id='word_1_245' title='bbox 92 2169 237 2232; x_wconf 85' lang='lat' dir='ltr'>priam</span> <span class='ocrx_word' id='word_1_246' title='bbox 261 2166 514 2212; x_wconf 71' lang='lat' dir='ltr'>inhabitet?</span> <span class='ocrx_word' id='word_1_247' title='bbox 539 2166 658 2230; x_wconf 89' lang='lat' dir='ltr'>quod</span> <span class='ocrx_word' id='word_1_248' title='bbox 680 2165 794 2211; x_wconf 89' lang='lat' dir='ltr'>nihil</span> <span class='ocrx_word' id='word_1_249' title='bbox 818 2183 865 2211; x_wconf 85' lang='lat' dir='ltr'>ex</span> <span class='ocrx_word' id='word_1_250' title='bbox 893 2183 978 2211; x_wconf 90' lang='lat' dir='ltr'>sese</span> <span class='ocrx_word' id='word_1_251' title='bbox 1007 2168 1297 2230; x_wconf 82' lang='lat' dir='ltr'>corruptibile</span> <span class='ocrx_word' id='word_1_252' title='bbox 1327 2171 1478 2234; x_wconf 81' lang='lat' dir='ltr'>profe-</span> 
     </span>
     <span class='ocr_line' id='line_1_29' title="bbox 92 2237 1479 2296; baseline 0.003 -11"><span class='ocrx_word' id='word_1_253' title='bbox 92 2249 178 2295; x_wconf 85' lang='lat' dir='ltr'>rat,</span> <span class='ocrx_word' id='word_1_254' title='bbox 200 2255 279 2284; x_wconf 91' lang='lat' dir='ltr'>nec</span> <span class='ocrx_word' id='word_1_255' title='bbox 300 2238 499 2283; x_wconf 83' lang='lat' dir='ltr'>tenebras</span> <span class='ocrx_word' id='word_1_256' title='bbox 518 2274 530 2293; x_wconf 86' lang='lat'>‚</span> <span class='ocrx_word' id='word_1_257' title='bbox 556 2254 635 2282; x_wconf 88' lang='lat' dir='ltr'>nec</span> <span class='ocrx_word' id='word_1_258' title='bbox 661 2237 880 2282; x_wconf 83' lang='lat' dir='ltr'>daemones</span> <span class='ocrx_word' id='word_1_259' title='bbox 896 2274 907 2293; x_wconf 85' lang='grc'>,</span> <span class='ocrx_word' id='word_1_260' title='bbox 936 2254 1019 2283; x_wconf 83' lang='lat' dir='ltr'>nec</span> <span class='ocrx_word' id='word_1_261' title='bbox 1045 2238 1275 2296; x_wconf 86' lang='lat' dir='ltr'>Satanam,</span> <span class='ocrx_word' id='word_1_262' title='bbox 1296 2259 1374 2288; x_wconf 90' lang='lat' dir='ltr'>nec</span> <span class='ocrx_word' id='word_1_263' title='bbox 1399 2243 1479 2289; x_wconf 84' lang='lat' dir='ltr'>ali-</span> 
     </span>
     <span class='ocr_line' id='line_1_30' title="bbox 94 2307 1485 2373; baseline 0.004 -19"><span class='ocrx_word' id='word_1_264' title='bbox 94 2308 202 2373; x_wconf 90' lang='lat' dir='ltr'>quid</span> <span class='ocrx_word' id='word_1_265' title='bbox 236 2307 463 2353; x_wconf 82' lang='lat' dir='ltr'>adversum</span> <span class='ocrx_word' id='word_1_266' title='bbox 492 2307 539 2352; x_wconf 88' lang='lat' dir='ltr'>in</span> <span class='ocrx_word' id='word_1_267' title='bbox 573 2324 704 2367; x_wconf 81' lang='lat' dir='ltr'>regno</span> <span class='ocrx_word' id='word_1_268' title='bbox 724 2311 815 2366; x_wconf 88' lang='lat' dir='ltr'>ejus</span> <span class='ocrx_word' id='word_1_269' title='bbox 842 2308 1021 2370; x_wconf 85' lang='lat' dir='ltr'>reperiri</span> <span class='ocrx_word' id='word_1_270' title='bbox 1051 2309 1200 2371; x_wconf 87' lang='lat' dir='ltr'>possit.</span> <span class='ocrx_word' id='word_1_271' title='bbox 1241 2310 1319 2357; x_wconf 86' lang='lat' dir='ltr'>Sui</span> <span class='ocrx_word' id='word_1_272' title='bbox 1341 2324 1485 2360; x_wconf 90' lang='lat' dir='ltr'>autem</span> 
     </span>
     <span class='ocr_line' id='line_1_31' title="bbox 98 2377 1486 2430; baseline 0.004 -6"><span class='ocrx_word' id='word_1_273' title='bbox 98 2378 284 2425; x_wconf 88' lang='lat' dir='ltr'>similem</span> <span class='ocrx_word' id='word_1_274' title='bbox 310 2377 578 2424; x_wconf 79' lang='lat' dir='ltr'>Salvatorem</span> <span class='ocrx_word' id='word_1_275' title='bbox 608 2377 806 2423; x_wconf 83' lang='lat' dir='ltr'>direxisse</span> <span class='ocrx_word' id='word_1_276' title='bbox 829 2394 841 2423; x_wconf 91' lang='lat'>:</span> <span class='ocrx_word' id='word_1_277' title='bbox 868 2378 1064 2423; x_wconf 86' lang='lat' dir='ltr'>Verbum</span> <span class='ocrx_word' id='word_1_278' title='bbox 1095 2391 1252 2426; x_wconf 88' lang='lat' dir='ltr'>natum</span> <span class='ocrx_word' id='word_1_279' title='bbox 1278 2400 1300 2427; x_wconf 90' lang='lat' dir='ltr'>a</span> <span class='ocrx_word' id='word_1_280' title='bbox 1324 2386 1486 2430; x_wconf 89' lang='lat' dir='ltr'>consti-</span> 
     </span>
     <span class='ocr_line' id='line_1_32' title="bbox 98 2448 1487 2515; baseline 0.004 -20"><span class='ocrx_word' id='word_1_281' title='bbox 98 2449 268 2496; x_wconf 88' lang='lat' dir='ltr'>tutione</span> <span class='ocrx_word' id='word_1_282' title='bbox 290 2448 473 2505; x_wconf 84' lang='lat' dir='ltr'>mundi,</span> <span class='ocrx_word' id='word_1_283' title='bbox 517 2465 620 2494; x_wconf 91' lang='lat' dir='ltr'>cum</span> <span class='ocrx_word' id='word_1_284' title='bbox 654 2448 870 2494; x_wconf 88' lang='lat' dir='ltr'>mundum</span> <span class='ocrx_word' id='word_1_285' title='bbox 903 2448 1163 2507; x_wconf 84' lang='lat' dir='ltr'>fabricaret,</span> <span class='ocrx_word' id='word_1_286' title='bbox 1203 2464 1303 2515; x_wconf 88' lang='lat' dir='ltr'>post</span> <span class='ocrx_word' id='word_1_287' title='bbox 1333 2455 1487 2501; x_wconf 88' lang='lat' dir='ltr'>mundi</span> 
     </span>
    </p>

    <p class='ocr_par' dir='ltr' id='par_1_5' title="bbox 73 2518 1499 2652">
     <span class='ocr_line' id='line_1_33' title="bbox 73 2518 1490 2580; baseline 0.005 -15"><span class='ocrx_word' id='word_1_288' title='bbox 73 2544 76 2546; x_wconf 57' lang='lat'>&gt;</span> <span class='ocrx_word' id='word_1_289' title='bbox 96 2518 319 2566; x_wconf 85' lang='lat' dir='ltr'>fabricam</span> <span class='ocrx_word' id='word_1_290' title='bbox 348 2519 462 2565; x_wconf 90' lang='lat' dir='ltr'>inter</span> <span class='ocrx_word' id='word_1_291' title='bbox 483 2519 683 2565; x_wconf 90' lang='lat' dir='ltr'>homines</span> <span class='ocrx_word' id='word_1_292' title='bbox 705 2519 869 2566; x_wconf 81' lang='lat' dir='ltr'>venisse</span> <span class='ocrx_word' id='word_1_293' title='bbox 891 2536 902 2565; x_wconf 71' lang='grc' dir='ltr'>ε</span> <span class='ocrx_word' id='word_1_294' title='bbox 933 2519 1085 2580; x_wconf 83' lang='lat' dir='ltr'>dignas</span> <span class='ocrx_word' id='word_1_295' title='bbox 1111 2521 1194 2567; x_wconf 87' lang='lat' dir='ltr'>sibi</span> <span class='ocrx_word' id='word_1_296' title='bbox 1214 2524 1377 2571; x_wconf 89' lang='lat' dir='ltr'>animas</span> <span class='ocrx_word' id='word_1_297' title='bbox 1401 2526 1490 2572; x_wconf 90' lang='lat' dir='ltr'>ele-</span> 
     </span>
     <span class='ocr_line' id='line_1_34' title="bbox 99 2588 1499 2652; baseline 0.006 -16"><span class='ocrx_word' id='word_1_298' title='bbox 99 2591 207 2652; x_wconf 88' lang='lat' dir='ltr'>gisse</span> <span class='ocrx_word' id='word_1_299' title='bbox 247 2600 413 2638; x_wconf 83' lang='lat' dir='ltr'>sanctae</span> <span class='ocrx_word' id='word_1_300' title='bbox 442 2605 531 2637; x_wconf 85' lang='lat' dir='ltr'>suae</span> <span class='ocrx_word' id='word_1_301' title='bbox 577 2588 820 2646; x_wconf 84' lang='lat' dir='ltr'>voluntati,</span> <span class='ocrx_word' id='word_1_302' title='bbox 862 2590 1078 2638; x_wconf 85' lang='lat' dir='ltr'>mandatis</span> <span class='ocrx_word' id='word_1_303' title='bbox 1119 2591 1206 2639; x_wconf 89' lang='lat' dir='ltr'>suis</span> <span class='ocrx_word' id='word_1_304' title='bbox 1245 2593 1499 2643; x_wconf 87' lang='lat' dir='ltr'>coelestibus</span> 
     </span>
    </p>
   </div>
  </div>
 </body>
</html>
