1795 3253
325 280 417 336 426
746 294 780 325 ε.
824 293 1066 325 AUGUSTINI
1101 293 1305 325 EPISCOPI

326 360 502 406 Christo
523 360 742 423 Moyses]
749 377 817 405 am
839 360 1016 425 quidem
1038 360 1236 424 superius
1255 360 1389 407 multa
1408 360 1704 410 demonstrata

319 442 442 486 sunt,
479 431 552 476 sed
587 432 684 495 quis
708 431 841 494 possit
875 432 1021 477 omnia
1049 431 1375 477 demonstrare?
1419 433 1696 491 Praesertim,

326 503 426 566 quia
442 503 473 548 si
491 503 692 566 quaedam
720 519 1053 548 commemorem
1072 541 1082 559 ,
1109 513 1287 566 paratus
1308 503 1484 549 videtur
1506 506 1585 551 iste
1607 522 1705 569 per-

326 590 469 619 versus
486 611 495 622 .
517 573 583 618 vel
602 575 646 618 in
667 573 800 618 alium
820 591 989 619 sensum
1014 592 1060 619 ea
1085 574 1233 619 conari
1266 585 1510 638 pervertere
1527 613 1537 632 ,
1581 575 1649 622 vel
1671 576 1705 622 si

324 642 453 690 fuerit
471 644 685 689 evidentia
706 643 900 690 clarioris
917 645 1106 690 veritatis
1122 662 1354 708 oppressus
1373 683 1383 702 ,
1406 646 1549 692 dicere
1567 664 1609 692 se
1632 645 1705 693 illa

328 726 535 779 tanquam
564 714 617 760 de
648 716 754 760 mari
776 715 883 761 salso
909 733 1082 761 suavem
1111 716 1273 779 piscem
1297 733 1452 779 capere
1476 735 1486 762 z
1508 734 1588 763 nec
1607 718 1705 763 ideo

326 805 367 833 se
392 787 446 833 ad
471 798 605 833 totam
633 788 906 850 Scripturam
933 790 1148 850 Moyseos.
1175 788 1296 833 velut
1320 788 1373 833 ad
1394 806 1551 852 aquam
1577 789 1707 835 mari-

328 874 425 903 nam
449 857 686 903 bibendam
710 858 804 918 cogi
829 869 1042 921 oportere.
1069 858 1354 922 Quapropter
1371 859 1566 905 sufficere
1591 860 1707 905 arbi-

327 929 535 975 trorhuic
557 928 695 993 operi,
720 939 766 974 ut
787 946 833 973 ea
851 929 944 992 ipsa
964 967 973 976 .
995 945 1096 992 quae
1115 929 1472 991 reprehendenda
1491 930 1708 994 decerpsit

326 1000 379 1045 de
408 999 633 1063 Scriptura
656 999 757 1060 legis
783 1000 1070 1045 Ilebra-*orum
1088 1038 1098 1056 ,
1124 1000 1175 1045 ad
1201 1000 1426 1046 Christum
1455 1001 1708 1065 praedican-

326 1071 430 1116 dum
450 1071 661 1133 pertinere
678 1109 688 1127 ,
711 1072 743 1116 si
771 1081 881 1117 recte
907 1071 1221 1131 intelligantur,
1257 1071 1481 1117 ostendam
1514 1090 1524 1116 ι
1553 1089 1599 1117 ex
1619 1089 1709 1136 quo

327 1142 428 1186 satis
451 1151 659 1204 appareat
680 1141 818 1187 inulto
842 1144 976 1201 magis
1007 1152 1164 1187 caetera
1189 1179 1199 1197 ‚
1235 1141 1303 1187 vel
1331 1143 1475 1188 statim
1514 1159 1710 1206 pronun-

333 1212 436 1257 tiata
455 1249 465 1265 ‚
490 1211 557 1257 vel
588 1211 817 1271 diligenter
837 1230 885 1258 ac
907 1213 1117 1258 veraciter
1141 1223 1435 1276 perscrutata,
1463 1213 1712 1260 christianae

334 1282 430 1327 fidei
472 1282 736 1335 convenire3
768 1282 801 1327 si
827 1300 875 1328 ea
903 1299 1006 1346 quae
1031 1283 1269 1328 deridenda
1301 1294 1429 1348 atque
1464 1282 1713 1329 damnanda

332 1352 488 1413 objicit
504 1352 707 1398 inimicus
724 1390 735 1409 ,
761 1353 819 1398 eis
836 1353 941 1417 ipsis
959 1354 1245 1400 convincatur
1273 1354 1509 1399 christiana
1535 1354 1713 1401 veritate

331 1423 619 1471 damnandus
668 1424 982 1488 Quapropter,
1013 1442 1038 1471 o
1068 1425 1198 1489 plene
1227 1426 1346 1471 omni
1372 1425 1542 1471 fallacia
1562 1463 1572 1481 ,
1611 1441 1712 1471 cum

330 1495 543 1540 Dominus
562 1495 608 1540 in
636 1495 871 1555 Evangelio
895 1495 1050 1541 dixerit
1088 1514 1098 1541 ε
1143 1517 1162 1537 α
1183 1496 1229 1541 Si
1264 1495 1493 1542 crederetis
1529 1496 1677 1558 Moysi
1699 1532 1709 1551 ‚

330 1566 600 1612 »crederetis
624 1576 666 1611 et
686 1567 824 1623 mihi,
861 1566 914 1612 de
945 1584 1012 1613 me
1038 1568 1154 1613 enim
1180 1567 1253 1613 ille
1275 1566 1476 1630 scripsit1
1507 1584 1518 1612 ι
1544 1587 1564 1608 ›>
1600 1566 1714 1613 nihil

330 1648 393 1682 est
409 1674 419 1693 ,
440 1636 560 1700 quod
586 1647 626 1681 te
647 1637 691 1682 in
718 1638 882 1697 ingenti
912 1648 1021 1684 aestu
1040 1639 1235 1701 positum
1255 1638 1391 1697 fingas
1407 1675 1418 1693 ,
1448 1648 1489 1683 et
1510 1638 1605 1697 cogi
1642 1637 1715 1683 vi-

331 1707 468 1754 dearis
487 1708 531 1752 in
548 1707 731 1753 alterum
752 1725 774 1752 e
795 1707 969 1753 duobus
988 1746 999 1764 ,
1024 1719 1071 1754 ut
1091 1719 1165 1754 aut
1192 1707 1348 1753 salsum
1368 1708 1626 1771 pronunties
1645 1724 1714 1753 ca-

330 1777 521 1842 pitulum
546 1778 656 1834 hoc,
691 1789 764 1824 aut
787 1778 1042 1825 mendacem
1066 1779 1229 1826 Jesum.
1257 1779 1381 1824 Sicut
1405 1779 1517 1824 enim
1537 1779 1625 1824 hoc
1645 1795 1715 1825 ca-

328 1849 518 1913 pitulum
543 1866 693 1894 verum
715 1859 804 1903 est,
833 1850 894 1895 ita
922 1860 963 1895 et
999 1866 1125 1896 verax
1145 1860 1207 1895 est
1224 1852 1344 1895 Jesus
1372 1867 1382 1894 ε
1415 1850 1627 1895 «Rectius
1652 1849 1716 1896 vi-

326 1937 419 1966 sum
440 1930 527 1975 est,
552 1920 718 1984 inquit,
740 1920 1031 1984 scriptoribus
1053 1921 1268 1967 ascribere
1287 1919 1518 1965 falsitatem
1539 1957 1549 1976 ,
1580 1936 1716 1984 quam

325 1991 516 2038 veritatis
541 1992 709 2037 auctori
732 1992 1062 2038 mendacium.»
1081 1994 1232 2037 Ita-ne
1261 2002 1307 2037 tu
1329 1991 1557 2037 Christum
1576 1991 1717 2038 credis

326 2063 518 2108 veritatis
550 2073 772 2109 auctorem
793 2100 803 2119 ,
841 2080 972 2126 quem
998 2062 1216 2126 praedicas
1241 2062 1386 2108 carnis
1409 2099 1420 2118 ,
1462 2072 1504 2107 et
1539 2062 1712 2118 mortis,

328 2142 370 2178 et
387 2133 616 2179 vulnerum
633 2171 642 2179 .
670 2144 710 2177 et
731 2133 988 2179 cicatricum
1014 2132 1344 2179 simulatorem?
1365 2132 1475 2178 Volo
1499 2132 1610 2178 mihi
1642 2149 1716 2178 os-

328 2203 501 2259 tendas,
540 2203 654 2249 unde
687 2215 909 2250 auctorem
933 2205 1128 2250 veritatis
1159 2203 1363 2249 didiceris
1390 2203 1617 2249 Christum
1636 2240 1647 2259 ,
1682 2203 1717 2249 si

327 2274 386 2319 eis
408 2274 484 2339 qui
517 2274 571 2320 de
605 2274 681 2320 illo
721 2275 1016 2339 scripserunt,
1054 2292 1244 2340 quorum
1277 2275 1512 2321 auctoritas
1549 2274 1717 2320 recenti

330 2346 540 2391 memoria
557 2346 860 2393 commendata
876 2357 1004 2412 atque
1023 2349 1192 2394 firmata
1207 2347 1252 2392 in
1270 2356 1465 2410 posteros
1480 2345 1712 2403 emanavit,

337 2415 466 2461 audes
491 2417 703 2462 ascribere
734 2416 978 2466 falsitatem.
1013 2420 1111 2465 Non
1141 2417 1253 2463 enim
1281 2416 1429 2462 vidisti
1454 2415 1681 2461 Christum
1700 2451 1712 2472 ‚

334 2497 408 2532 aut
426 2487 799 2551 quemadmodum
825 2506 928 2535 cum
963 2488 1210 2553 ApostoliS‚
1235 2487 1411 2533 locutus
1443 2496 1506 2532 est
1540 2497 1681 2531 tecum
1701 2523 1712 2543 ,

337 2568 411 2604 aut
438 2557 491 2604 de
514 2558 628 2606 coelo
661 2570 729 2616 te,
767 2560 880 2607 sicut
915 2561 1121 2618 Saulum‚
1148 2558 1324 2607 vocavit
1338 2559 1371 2606 ².
1403 2556 1525 2617 Quid
1562 2555 1617 2603 de
1641 2555 1717 2604 illo

379 2641 503 2672 ²Joau.
521 2652 553 2684 v,
574 2643 629 2678 46.
649 2660 690 2667 —
704 2641 719 2665 ²
738 2644 811 2678 Act.
829 2655 874 2684 xx,
893 2645 924 2679 5.
