1795 3253
358 323 448 355 210
779 323 813 354 S.
857 322 1099 356 AUGL‘STINI
1137 323 1340 356 Ertscorl

355 390 388 435 si
418 399 638 443 tortuoso;
669 400 710 434 et
733 388 806 436 illa
831 403 979 438 sancta
1010 403 1120 438 terra
1150 402 1390 438 tortuosum
1413 392 1550 439 habet
1582 392 1726 441 latus:

354 476 452 504 nam
481 459 513 504 si
540 459 630 523 ipsa
656 471 821 506 rectum
841 461 978 508 habet
1000 463 1111 509 latus
1129 500 1139 519 ,
1162 474 1203 507 et
1227 473 1420 509 tortuoso
1446 464 1580 524 hujus
1601 464 1734 512 latere

354 530 563 590 tangitur,
588 531 1062 596 interpatentcavernae
1086 533 1289 597 qusedani
1316 534 1547 597 profundae
1565 553 1642 599 per
1660 536 1734 582 in—

353 603 525 647 linitum
549 602 712 650 inanes.
732 621 809 649 nec
827 608 917 664 jam
939 623 1069 669 snpra
1089 617 1243 651 terram
1261 616 1432 652 tantum
1455 609 1735 655 tenebrarum

352 675 535 721 inanitas
557 686 675 733 erat,
703 678 815 723 sicut
838 679 985 724 audire
1006 679 1264 726 solebamus.
1308 680 1440 738 Quod
1474 682 1508 727 si
1543 683 1603 728 ita
1631 692 1693 728 est
1716 718 1728 738 ‚

351 759 516 811 quanto
539 749 689 796 melius
712 762 801 796 erat
827 762 875 797 ut
898 770 939 797 se
967 753 1188 816 aliquanto
1219 753 1388 813 longius
1411 765 1524 801 terra
1550 754 1730 801 luminis

352 831 605 876 removeret,
626 832 753 885 atque
769 822 840 868 illa
861 824 1045 868 inanitas
1064 833 1182 869 131113
1207 825 1427 871 interesset
1445 863 1455 882 ,
1476 843 1529 871 116
1554 826 1733 872 0111111110

350 902 493 953 posset
528 910 551 937 a
588 894 861 938 tenebrarum
891 904 1001 939 [erra
1025 911 1071 939 ex
1108 893 1194 939 ulla
1231 905 1351 958 parte
1385 896 1613 956 contingi?
1646 897 1734 942 imo

350 962 478 1007 etiam
503 973 668 1009 tantum
695 965 882 1028 spatium
908 975 1074 1028 pateret
1100 965 1239 1010 inanis
1259 965 1571 1029 profunditatis
1590 1004 1601 1024 ‚
1626 977 1674 1013 ut
1696 967 1731 1012 si

350 1050 435 1096 qua
458 1035 593 1094 gentis
606 1035 721 1081 illius
736 1036 919 1081 oriretur
942 1036 1219 1099 improbitas,
1243 1037 1373 1082 etiam
1389 1038 1421 1083 si
1446 1049 1599 1084 temere
1615 1049 1731 1084 tran·

349 1105 463 1150 silire
480 1106 525 1151 in
544 1106 661 1152 illam
678 1107 836 1153 vellent
854 1107 1076 1170 principes
1095 1108 1391 1163 tenebrarum,
1408 1110 1635 1173 (quoniam
1654 1125 1734 1155 nec

347 1174 491 1221 volare
507 1189 688 1239 possunt
700 1195 882 1241 corpora
899 1215 909 1226 .
932 1178 1010 1223 nisi
1023 1183 1122 1224 aere
1141 1196 1353 1242 corporeo
1372 1181 1730 1244 supportentur).

348 1263 427 1309 per
451 1247 561 1293 illud
587 1248 714 1294 inane
746 1249 1013 1312 praecipitati
1038 1287 1047 1302 2
1082 1261 1123 1295 et
1152 1250 1254 1314 quia
1282 1251 1506 1297 infinitum
1531 1251 1733 1297 deorsum

347 1334 493 1364 versus
515 1330 639 1374 esset,
668 1319 721 1365 ad
741 1319 911 1365 nullum
939 1320 1003 1366 311(
1011 1321 1174 1385 [nando
1198 1321 1386 1368 fundum
1408 1324 1704 1386 pervenientes
1719 1360 1730 1379 ,

346 1390 512 1435 etiamsi
530 1408 698 1453 semper
710 1400 885 1453 possent
902 1391 1059 1447 vivere,
1077 1409 1304 1455 nunquam
1321 1403 1464 1439 tamen
1482 1393 1588 1439 dum
1610 1393 1734 1439 deor-

348 1476 442 1505 sum
465 1478 633 1524 semper
661 1462 862 1507 seruntur
880 1499 891 1518 ,
925 1473 1101 1525 possent
1132 1466 1321 1508 nocere?
1360 1463 1406 1508 Si
1429 1474 1573 1509 autem
1595 1481 1733 1510 curvo

349 1530 481 1577 latere
507 1533 850 1592 adjungebatur,
880 1544 990 1578 terra
1017 1550 1192 1597 quoque
1215 1533 1326 1579 lucis
1359 1551 1495 1581 curvo
1517 1551 1612 1581 eam
1635 1536 1732 1582 sinu

351 1603 604 1649 deformiter
627 1604 877 1667 recipiebat.
912 1607 999 1650 Aut
1033 1606 1066 1651 si
1097 1605 1309 1651 introrsus
1331 1606 1409 1651 ista
1442 1606 1566 1669 quasi
1589 1607 1733 1670 specie

353 1675 509 1721 theatri
524 1692 656 1721 curva
676 1686 785 1723 6131.
811 1693 991 1721 curvam
1011 1687 1138 1721 tcrrae
1153 1676 1330 1722 luminis
1346 1687 1516 1740 partem
1538 1677 1615 1723 tali
1635 1678 1733 1724 sinu

348 1759 570 1811 receptam
590 1766 678 1793 11011
700 1748 843 1793 minus
867 1749 1050 1794 deformi
1069 1750 1348 1812 copulatione
1363 1750 1726 1813 amplectebatur.

350 1821 438 1866 Aut
461 1821 494 1865 si
522 1820 600 1864 ista
620 1836 804 1865 curvum
831 1819 1029 1865 habebat
1056 1820 1169 1865 latus
1188 1857 1198 1875 ,
1229 1831 1271 1866 et
1294 1821 1369 1866 illa
1394 1831 1565 1866 rectum
1589 1859 1600 1878 ‚
1643 1839 1731 1868 non

348 1908 394 1935 ex
411 1900 503 1936 toto
515 1908 607 1935 eam
628 1890 762 1935 latere
782 1890 1037 1949 attingebat.
1066 1891 1119 1935 lit
1145 1891 1296 1954 utique
1321 1891 1476 1937 melius
1494 1902 1602 1948 erat,
1620 1892 1733 1938 sicut

349 1978 480 2025 supra
506 1961 626 2018 dixi,
667 1971 716 2006 ut
743 1961 865 2007 1111113
899 1978 945 2006 cx
976 1971 1100 2024 parte
1139 1963 1435 2022 contingeret,
1472 1973 1732 2027 tantumque

348 2032 477 2077 inane
495 2032 717 2078 interesset
739 2070 749 2088 ‚
780 2043 828 2078 ut
850 2043 891 2077 et
907 2036 1026 2092 justo
1050 2032 1278 2079 intervallo
1308 2044 1539 2097 utramque
1569 2044 1730 2080 terram

347 2107 614 2163 sejungeret,
639 2114 679 2149 et
705 2104 951 2149 temerarios
974 2104 1198 2167 improbos
1221 2122 1299 2167 per
1322 2105 1543 2151 infinitum
1566 2105 1731 2170 praeci-

347 2176 458 2238 pites
481 2174 594 2221 nihil
619 2192 772 2220 nocere
793 2176 1076 2238 permitteret.
1104 2176 1237 2232 Quod
1264 2176 1296 2222 si
1316 2187 1435 2222 recto
1464 2176 1595 2223 latere
1616 2176 1731 2223 latus

348 2257 516 2292 rectum
539 2247 807 2307 attingebat,
830 2264 919 2292 non
939 2247 1065 2294 video
1091 2248 1268 2311 quidem
1290 2248 1436 2312 aliqua
1450 2249 1519 2295 vel
1537 2259 1730 2312 recepta-

347 2317 446 2363 cula
471 2318 536 2363 vel
555 2318 702 2363 hiatus
730 2336 740 2363 z
770 2318 841 2363 sed
866 2318 994 2382 plane
1012 2319 1136 2366 video
1166 2330 1332 2365 tantam
1358 2337 1513 2384 pacem
1538 2331 1730 2366 tantam-

347 2405 431 2452 que
451 2406 597 2434 secum
619 2400 742 2435 torrae
770 2391 997 2453 utriusque
1031 2390 1339 2447 concordiam,
1370 2402 1420 2437 ut
1447 2395 1588 2452 major
1617 2409 1729 2438 con-

342 2459 513 2519 junctio
531 2477 616 2505 esse
640 2477 727 2505 non
753 2462 901 2524 possit.
925 2461 1045 2517 Quid
1065 2462 1180 2507 enim
1201 2462 1434 2526 speciosius
1451 2499 1461 2519 ,
1489 2462 1598 2525 quid
1619 2479 1729 2508 con-

345 2531 586 2576 venientius
605 2569 615 2587 ,
643 2548 772 2594 quam
798 2542 966 2576 rectum
991 2543 1110 2577 recto
1129 2533 1187 2577 ita
1207 2532 1433 2596 copulari,
1467 2543 1516 2578 ut
1537 2531 1657 2579 nulla
1680 2549 1728 2578 ex

344 2613 470 2667 parte
494 2602 610 2648 sinus
637 2602 791 2666 aliquis
810 2603 878 2649 vel
896 2603 1027 2649 flexus
1046 2604 1292 2669 disrumpat
1311 2614 1384 2649 aut
1402 2603 1579 2650 dirimat
1599 2613 1726 2649 natu-

345 2673 478 2719 ralem
500 2690 547 2719 ac
563 2674 761 2720 stabilem
782 2691 859 2737 per
876 2675 1097 2720 infinitum
1115 2677 1303 2739 spatium
1321 2674 1407 2721 1061
1425 2685 1466 2721 et
1483 2675 1540 2721 ab
1552 2673 1723 2721 infinita
