1795 3253
239 281 413 314 CONTRA
447 281 652 314 unsrun
689 280 992 322 MANmHAEUM,
1030 280 1119 314 mn.
1160 282 1252 317 xv1.
1360 271 1446 328 431

81 347 144 395 sio
167 365 259 395 mea
282 347 384 395 fecit
407 348 671 404 obnoxium,
707 358 753 394 ut
791 363 879 392 non
906 346 1068 410 possim
1095 365 1186 394 non
1208 349 1382 397 credere
1423 353 1462 400 ei

85 436 216 483 quem
245 437 399 484 sequor
427 438 439 466 ε
471 420 543 466 sed
568 431 676 484 puta
701 436 778 465 nos
804 435 906 464 cum
931 418 1089 464 Judaeo
1119 430 1324 478 tractare,
1351 434 1460 487 puta

83 507 186 537 cum
210 491 416 538 Gentili.»
444 492 618 549 Quibus
636 491 778 538 verbis
802 488 1024 535 ostendisti
1053 500 1090 535 te
1125 491 1294 538 interim
1311 531 1320 549 ‚
1358 511 1459 541 cum

85 578 173 625 quo
196 561 307 608 mihi
326 579 444 608 nunc
464 580 528 609 res
551 572 638 621 est,
676 561 779 626 quia
810 570 852 605 te
877 560 930 606 ad
959 559 1225 608 credendum
1252 564 1457 627 professio

85 642 160 678 tua
195 631 298 678 fecit
328 633 565 679 obnoxium
587 671 598 690 ,
637 633 736 678 satis
774 648 860 677 esse
898 631 1150 677 convictum
1192 633 1246 679 de
1284 635 1461 682 Christo

85 703 303 767 scripsisse
325 705 504 767 Moysen
532 722 542 749 :
569 704 673 768 quia
695 704 840 767 ipsum
862 702 1088 748 Christum
1113 703 1199 749 hoc
1219 703 1370 752 dixisse
1386 744 1396 763 ‚
1418 707 1462 754 in

85 774 321 834 Evangelio
339 775 639 839 scriptumest,
657 779 782 835 cujus
794 784 881 820 tam
902 773 1161 837 praeclaram
1178 787 1460 842 sanctamque

88 844 388 890 auctoritatem
408 845 670 892 labefactare
695 863 782 891 non
812 844 942 890 audes
969 862 979 889 ι
1014 844 1117 908 quia
1149 856 1191 890 et
1215 863 1316 892 cum
1340 848 1384 894 id
1416 866 1462 895 ex

88 915 270 979 obliquo
312 916 472 973 aude-s,
514 917 784 963 difficultatis
819 927 909 962 tuae
949 932 1121 979 pressus
1157 919 1387 977 angustiis,
1424 931 1466 966 et

85 1002 264 1032 cernens
283 997 448 1051 quanta
471 988 597 1033 ruina
619 999 658 1034 te
677 988 837 1034 obruat
859 1004 962 1033 cum
982 986 1062 1031 tibi
1093 985 1273 1044 dicitur,
1297 989 1464 1035 nullam

85 1074 173 1103 esse
199 1056 475 1121 Scripturam
494 1059 565 1104 cui
589 1059 642 1104 de
658 1058 784 1104 factis
803 1069 844 1103 et
861 1057 990 1103 dictis
1013 1056 1178 1103 Christi
1196 1058 1364 1118 flagites
1383 1077 1468 1106 esse

85 1127 353 1174 credendum
373 1166 384 1185 ,
417 1129 451 1174 si
477 1129 711 1189 Evangelio
742 1139 829 1174 tam
854 1138 999 1173 sancte
1030 1127 1202 1192 lateque
1240 1129 1463 1176 notissimo

93 1199 360 1246 credendum
388 1217 474 1246 esse
501 1217 590 1245 non
611 1210 738 1264 putas
766 1218 776 1245 z
805 1210 847 1245 et
875 1199 1029 1245 timens
1052 1216 1105 1245 ne
1130 1203 1283 1245 amisso
1310 1201 1467 1247 Chris-

89 1271 198 1316 tiani
226 1271 415 1316 nominis
443 1271 580 1334 pallio
604 1271 725 1317 nuda
747 1272 913 1317 vanitas
938 1281 1074 1316 vestra
1100 1271 1305 1317 omnibus
1338 1290 1467 1318 cons-

89 1340 266 1405 puenda
286 1351 328 1386 et
360 1341 613 1387 detestanda
643 1352 888 1397 remaneat,
919 1358 1065 1386 rursus
1089 1352 1130 1386 te
1154 1342 1349 1387 saucium
1373 1343 1468 1389 col—

89 1410 220 1471 ligere
241 1412 432 1469 conaris,
456 1421 496 1457 et
513 1412 621 1457 dicis
644 1411 764 1476 quod
788 1412 880 1457 istis
904 1411 1129 1471 Evangelii
1156 1413 1299 1457 verbis
1314 1416 1405 1472 jam
1428 1425 1466 1460 te

93 1482 147 1528 ad
177 1482 442 1528 credendum
464 1482 672 1546 professio
703 1494 778 1528 tua
796 1482 900 1528 fecit
926 1482 1177 1529 obnoxium.
1211 1483 1284 1528 Sic
1305 1501 1404 1544 ergo
1427 1495 1468 1531 te

91 1553 265 1599 interim
284 1592 295 1611 ‚
323 1571 425 1600 cum
449 1571 536 1617 quo
563 1571 681 1599 nunc
707 1572 785 1615 ago
802 1592 811 1601 .
846 1565 968 1599 teneo
985 1591 995 1610 ,
1032 1552 1163 1609 ferio,
1194 1555 1362 1617 perimo
1381 1593 1391 1611 ‚
1421 1556 1467 1602 id

93 1635 181 1680 est,
210 1642 398 1671 errorem
436 1636 560 1671 tuum
598 1636 727 1688 atque
762 1624 1012 1678 fallaciam3
1046 1634 1090 1669 et
1118 1641 1225 1684 cogo
1248 1624 1371 1671 fateri
1415 1627 1468 1673 de

95 1695 272 1741 Christo
312 1697 530 1760 scripsisse
555 1698 735 1758 Moysen
766 1714 775 1740 :
817 1696 1029 1759 quiahoc
1056 1695 1282 1741 Christum
1317 1697 1468 1744 dixisse

93 1766 140 1812 in
167 1766 399 1827 Evangelio
423 1767 598 1827 legitur,
626 1767 697 1811 cui
718 1777 759 1811 te
783 1766 837 1812 ad
857 1765 1124 1811 credendum
1156 1766 1362 1829 professio
1398 1779 1470 1814 tua

95 1836 196 1883 fecit
216 1838 466 1884 obnoxium.
503 1841 616 1883 Cum
634 1838 657 1882 J
666 1837 790 1883 udaeo
816 1855 918 1883 vero
944 1836 1011 1882 vel
1037 1837 1200 1882 Gentili
1219 1838 1252 1882 si
1271 1839 1380 1884 mihi
1401 1857 1473 1885 ne—

95 1925 206 1954 cesse
223 1907 355 1954 fuerit
376 1908 598 1972 disputare
618 1946 629 1962 ‚
653 1912 745 1968 jam
778 1926 909 1972 supra
946 1907 1113 1953 ostendi
1144 1908 1304 1971 quibus
1330 1910 1468 1956 modis

94 1997 176 2043 pro
202 1980 305 2025 meis
332 1980 524 2043 parvulis
558 1979 725 2025 viribus
752 1997 817 2024 me
843 1996 966 2039 agere
988 1989 1187 2042 oportere
1210 1979 1461 2028 existimem.

162 2050 257 2097 XV.
300 2051 389 2096 Nec
410 2050 518 2096 illud
540 2067 646 2109 nego
668 2049 721 2095 de
743 2049 919 2095 Christo
939 2067 1026 2095 esse.
1045 2049 1327 2112 praedictum,
1354 2051 1473 2114 quod

100 2130 148 2166 tu
172 2131 381 2185 tanquam
399 2120 524 2167 facile
542 2119 821 2166 refellendum
843 2120 1023 2180 elegisti,
1047 2120 1125 2165 ubi
1152 2120 1266 2165 Deus
1283 2119 1477 2184 loquitur

103 2191 156 2237 ad
186 2193 378 2255 Moysen,
408 2191 555 2238 dicens
578 2209 588 2235 ι
610 2213 629 2231 «
651 2190 879 2237 Suscitabo
904 2190 989 2235 illis
1011 2190 1280 2254 Prophetam
1307 2190 1358 2236 de
1383 2191 1475 2237 fra—

103 2287 123 2306 »
146 2263 287 2310 tribus
310 2263 504 2327 ipsorum
521 2262 701 2307 similem
725 2260 849 2309 tibi1.
876 2283 896 2303 »
917 2263 1007 2307 Nec
1026 2278 1094 2306 me
1113 2274 1186 2307 tua
1206 2261 1323 2307 lauta
1350 2274 1390 2308 et
1414 2263 1479 2309 le-

101 2335 207 2401 pida
240 2335 469 2389 antitheta,
495 2335 658 2398 quibus
679 2332 845 2378 luteum
870 2350 1107 2378 sermonem
1133 2333 1256 2396 quasi
1288 2334 1480 2379 colorare

105 2423 154 2452 ac
183 2406 360 2469 pingere
384 2404 575 2461 voluisti,
609 2403 696 2449 ullo
721 2402 850 2449 modo
876 2404 930 2448 ab
957 2403 1043 2449 hac
1066 2402 1165 2448 fidei
1197 2404 1372 2449 veritate
1401 2404 1480 2450 de-

106 2488 280 2524 terrent.
321 2479 594 2541 Comparans
627 2476 744 2521 enim
777 2475 1003 2521 Christum
1039 2486 1168 2538 atque
1202 2476 1406 2539 Moysen,
1443 2487 1485 2522 et

106 2550 286 2615 cupiens
302 2548 596 2595 demonstrare
618 2546 863 2605 dissimiles,
885 2557 933 2593 ut
953 2547 1012 2593 ob
1028 2546 1114 2592 hoc
1132 2563 1217 2592 non
1236 2545 1290 2592 de
1308 2547 1487 2594 Christo

156 2634 167 2656 ¹
187 2636 287 2667 Deut.
305 2644 404 2670 xvxii,
422 2633 475 2665 18.
