1795 3253
362 297 421 338 (Lo
781 306 817 336 s.
860 303 1105 337 At‘ousrmr
1141 299 1345 333 EPISCOPI

363 398 382 417 »
406 390 533 437 quem
553 371 702 419 misisti
715 372 860 417 Jesum
877 371 1102 417 Christum
1115 367 1178 413 ¹.»
1196 367 1364 412 Etenim
1382 366 1522 414 anima
1535 369 1736 433 quamvis
1778 369 1795 420 'l

360 447 411 491 sit
428 442 683 490 immortalis
701 480 711 498 ,
742 453 885 488 tamen
910 441 1013 506 quia
1037 455 1151 485 mors
1176 441 1266 497 ejus
1286 448 1399 483 recte
1422 438 1585 485 dicitur
1605 457 1629 485 a
1653 440 1734 486 Dei

359 514 603 574 cognitione.
627 513 818 565 aversio;
851 529 951 557 cum
979 528 1021 556 se
1041 508 1233 556 converti
1259 507 1312 552 ad
1331 509 1471 554 Deum
1491 547 1501 565 ‚
1529 510 1735 556 meritum

358 596 419 630 est
439 595 610 630 a‘terna·
634 584 739 628 vitae
770 581 1116 645 consequendam
1142 589 1189 624 ut
1223 578 1277 623 sit
1297 589 1458 624 aeterna
1481 580 1570 626 vita
1586 617 1597 637 ,
1623 581 1735 627 sicut
1784 607 1785 620 ³

360 654 526 700 dictum
539 663 602 698 est
618 691 628 707 ‚
650 653 742 716 ipsa
760 651 963 713 cognitio.
981 649 1185 696 Converti
1203 659 1346 694 autem
1362 649 1415 694 ad
1433 650 1571 696 Deum
1585 668 1730 708 nemo,
1786 686 1787 690 ,

1789 439 1795 488 i

1792 531 1795 559 l

360 725 436 770 nisi
465 725 518 769 ab
544 724 627 769 lioc
650 722 815 768 mundo
842 740 884 768 se
912 733 1098 778 avertat,
1127 730 1281 784 potest.
1314 720 1410 766 Hoc
1434 737 1511 781 ego
1533 722 1645 768 mihi
1669 739 1735 768 ar·
1788 752 1790 774 ;,

359 795 494 840 duum
511 805 552 838 et
571 793 881 839 difficillimum
907 793 1043 839 sentio
1065 810 1074 836 z
1097 790 1221 837 vobis
1240 790 1274 835 si
1296 789 1423 836 facile
1441 802 1526 848 est,
1553 791 1624 837 ille
1643 792 1735 856 ipse
1790 819 1791 823 =

358 866 473 910 Deus
492 864 661 910 viderit.
685 865 774 923 Ego
795 864 947 910 vellem
973 863 1146 909 credere
1162 898 1173 918 ‚
1193 861 1358 907 nisime
1377 873 1593 919 moveret,
1615 863 1735 926 quod
1792 880 1793 904 ;

359 952 459 981 cum
483 935 559 981 iste
588 934 802 991 mundus,
840 954 863 980 a
899 951 987 999 quo
1011 934 1144 980 averti
1166 932 1395 993 jubemur,
1421 932 1604 979 visibilis
1642 933 1696 979 sit
1719 971 1731 991 ‚

359 1007 598 1070 dixeritque
625 1007 856 1070 Apostolus
891 1025 901 1052 :
936 1007 1030 1051 «Ea
1066 1022 1166 1068 quae
1203 1003 1434 1060 videntur,
1478 1004 1736 1068 temporalia

362 1099 382 1120 »
405 1089 501 1123 sunt
518 1098 528 1131 ;
547 1094 646 1141 qua*
663 1088 805 1122 autem
819 1095 907 1123 non
924 1076 1146 1132 videntur,
1165 1085 1323 1120 aeterna
1339 1077 1465 1119 sunt²
1484 1091 1528 1119 ι»
1547 1091 1624 1120 vos
1636 1075 1736 1139 plus

356 1149 536 1195 istorum
563 1149 789 1194 oculorum
812 1166 943 1212 quam
980 1148 1134 1193 mentis
1160 1145 1328 1207 judicio
1360 1146 1551 1191 tribuitis
1574 1183 1585 1203 ,
1614 1146 1736 1210 apud

359 1237 466 1286 quos
490 1221 652 1267 nullam
677 1239 763 1267 esse
787 1221 1022 1282 fulgentem
1042 1237 1230 1285 pennam
1250 1235 1349 1282 quae
1366 1235 1453 1264 non
1476 1235 1522 1264 ex
1536 1219 1628 1265 Deo
1643 1218 1736 1265 ful-

359 1305 478 1354 goat,
500 1305 543 1340 et
567 1310 653 1340 esse
675 1294 891 1339 viventem
921 1295 1107 1340 animam
1131 1310 1232 1357 quae
1267 1308 1354 1338 non
1390 1309 1437 1337 ex
1470 1292 1560 1338 Deo
1585 1293 1731 1349 vivat,

358 1365 625 1430 p1·a†dicatur
647 1376 689 1410 et
714 1365 919 1413 creditur.
950 1367 1059 1412 Hzec
1082 1375 1123 1412 et
1147 1365 1214 1410 his
1239 1363 1394 1409 similia
1417 1363 1485 1409 vel
1505 1363 1590 1410 illis
1605 1364 1735 1410 etiam

359 1440 546 1486 dicerem
564 1477 574 1496 ‚
606 1438 674 1485 vel
698 1456 867 1485 mecum
890 1450 1153 1503 reputarem.
1185 1439 1360 1486 Possem
1385 1456 1572 1503 namque
1593 1440 1734 1487 Deum

359 1511 563 1557 omnibus
578 1549 587 1567 ,
610 1523 657 1557 ut
677 1510 856 1568 dicitur,
878 1511 1117 1557 visceribus
1137 1511 1376 1576 deprecans
1392 1549 1403 1568 ‚
1431 1522 1472 1557 et
1499 1511 1735 1576 Scripturis

358 1593 570 1647 quantum
592 1582 753 1629 licebat
774 1583 990 1638 intentus,
1030 1583 1157 1628 etiam
1191 1593 1296 1628 tunc
1324 1581 1502 1628 fortasse
1535 1582 1638 1629 talia
1667 1584 1736 1631 vel

359 1653 523 1709 dicere,
552 1654 620 1700 vel
645 1653 765 1719 quod
788 1652 915 1699 saluti
935 1663 999 1698 sat
1015 1663 1105 1699 erat
1128 1653 1332 1713 cogitare.

424 1727 501 1772 M.
545 1725 629 1771 Sed
649 1742 717 1770 me
733 1724 822 1770 duo
838 1724 1040 1788 quaedam
1061 1725 1243 1770 maxime
1266 1741 1366 1788 quae
1385 1724 1603 1772 incautam
1615 1725 1734 1772 illam

359 1806 530 1842 aetatem
549 1795 673 1842 facile
699 1795 909 1859 capiunt,
951 1812 1029 1858 per
1055 1795 1330 1841 admirabiles
1349 1796 1548 1841 attrivere
1569 1796 1735 1843 circui-

358 1878 424 1914 tus
442 1905 453 1925 ‚
483 1883 668 1931 quorum
693 1877 755 1912 est
774 1883 909 1912 unum
930 1865 1197 1912 familiaritas
1215 1904 1226 1922 ,
1254 1866 1396 1912 nescio
1415 1867 1638 1930 quomodo
1662 1885 1734 1914 re-

359 1957 464 2002 pens
488 1938 677 2002 quadam
703 1937 888 1998 imagine
912 1937 1119 1983 bonitatis
1135 1974 1146 1993 ‚
1181 1947 1388 2001 tanquam
1409 1938 1630 1984 sinuosum
1651 1939 1735 1985 ali-

359 2009 478 2074 quod
499 2009 722 2055 vinculum
759 2007 1060 2072 multipliciter
1096 2007 1210 2053 collo
1234 2008 1494 2055 involutum.
1540 2008 1734 2056 Alterum

359 2080 477 2144 quod
502 2079 706 2144 quaedam
726 2079 849 2125 noxia
868 2079 1051 2126 victoria
1072 2095 1182 2142 pene
1201 2079 1311 2124 mihi
1330 2095 1499 2142 semper
1522 2079 1567 2125 in
1585 2079 1734 2144 dispu-

364 2151 598 2196 tationibus
620 2150 906 2212 proveniebat
935 2148 1155 2194 disserenti
1180 2166 1282 2194 cum
1307 2149 1567 2195 Christianis
1589 2150 1734 2214 impe—

362 2222 477 2277 ritis,
499 2221 571 2266 sed
594 2232 735 2266 tamen
762 2220 892 2266 Iidem
923 2237 1045 2265 suam
1068 2221 1266 2266 certatim
1299 2231 1348 2266 ut
1377 2221 1560 2284 quisque
1593 2234 1735 2284 posset

360 2292 586 2338 defendere
609 2291 900 2338 molientibus.
933 2295 1033 2349 Quo
1058 2309 1257 2338 successu
1288 2291 1552 2338 creberrimo
1578 2294 1734 2353 glisce-

357 2365 436 2411 bat
457 2363 734 2409 adolescentis
756 2363 1026 2421 animositas,
1047 2375 1088 2409 et
1110 2365 1298 2428 impetus
1314 2380 1391 2409 suo
1412 2363 1456 2409 in
1474 2366 1734 2428 pervicaciae

358 2451 563 2495 magnum
589 2433 750 2479 malum
773 2434 1071 2497 imprudenter
1089 2435 1308 2496 vergebat.
1334 2434 1466 2492 Quod
1491 2436 1733 2484 altercandi

358 2522 490 2567 genus
509 2504 610 2567 quia
627 2514 726 2567 post
748 2521 896 2550 eorum
914 2505 1181 2552 auditionem
1205 2521 1420 2566 aggressus
1439 2523 1556 2552 eram
1570 2543 1580 2563 ‚
1605 2507 1733 2571 quid-

357 2575 463 2640 quid
495 2592 588 2621 meo
612 2574 678 2620 vel
702 2575 1014 2640 qualicumque
1044 2577 1218 2638 ingenio
1252 2575 1320 2623 vel
1343 2575 1437 2622 aliis
1470 2575 1734 2626 lectionibus

407 2659 610 2703 ¹Joan.w1,
633 2660 662 2691 3.
683 2675 728 2682 —
745 2657 761 2681 ²
782 2670 794 2691 1
814 2660 957 2705 Coi-,153
979 2664 1033 2695 18.
