1795 3253
310 287 402 333 550
723 306 756 334 5.
801 304 1038 335 auersum
1079 306 1278 338 flelscorl

308 379 349 413 et
375 386 506 432 opera
544 369 774 422 tribuunt3
818 371 1050 434 repebant,
1090 373 1378 419 amlmlabant
1396 411 1406 429 ‚
1446 374 1682 427 natabant,

308 438 521 486 volabant
546 457 732 504 quaeque
759 457 840 504 pro
867 458 942 486 suo
967 459 1145 501 genere3
1180 444 1389 489 videbant,
1416 461 1618 508 quoque.
1645 454 1688 488 et

316 512 553 558 audiebant
572 549 582 559 .
614 512 864 576 eaeterisque
895 513 1090 558 sensibus
1114 515 1353 559 sentiebant
1373 553 1382 564 ,
1413 515 1624 561 alimentis
1648 525 1690 560 et

316 583 664 647 temperamentis
685 583 888 641 congruis
918 584 1171 629 nutriebant
1194 595 1234 630 et
1263 584 1471 631 fovebant
1505 603 1691 649 corpora

314 672 405 700 sua.
442 654 556 699 Ilinc
581 654 712 699 etiam
744 653 877 717 prolis
900 653 1165 701 {incunditas
1202 657 1462 720 suppetebat
1487 674 1497 701 :
1527 674 1624 701 nam
1650 666 1692 701 et

314 726 517 785 conjugia
545 726 747 771 tribuunt
767 725 839 772 eis.
877 725 985 771 I‘Ia‘e
1010 736 1123 771 certe
1152 728 1323 783 onmia,
1356 744 1454 790 quae
1484 738 1691 790 tanquam

315 797 449 859 Hyles
472 813 602 860 opera
626 797 846 861 vituperat
872 796 1145 843 Manichaeus
1160 836 1170 854 ‚
1192 799 1283 843 sieri
1303 816 1388 843 non
1408 809 1589 861 possunt
1605 798 1694 843 sine

314 868 613 915 membrorum
648 868 911 923 concordia,
950 885 1081 932 quam
1123 869 1273 915 laudat
1308 880 1351 915 et
1387 872 1477 915 Deo
1513 870 1697 929 assignat

317 939 565 1003 Apostolus.
595 939 817 984 Dubitatis
838 938 1009 989 adhue,
1031 939 1234 1002 quisnam
1255 940 1501 996 sectandus,
1523 951 1564 985 et
1579 940 1696 1003 quis-

318 1027 419 1056 nam
447 1009 793 1057 anathemandus
818 1009 901 1054 sit?
929 1009 1049 1065 Quid
1077 1010 1197 1073 quod
1221 1021 1341 1056 erant
1374 1011 1435 1056 ibi
1461 1010 1663 1074 qua—‘dam
1683 1047 1692 1065 ‚

321 1097 422 1143 quae
439 1080 567 1125 etiam
586 1080 882 1142 loquebantur
895 1117 904 1126 .
932 1090 980 1124 ut
997 1080 1055 1124 eis
1074 1081 1434 1126 concionantibus
1454 1080 1598 1126 omnia
1615 1097 1699 1125 ser·

320 1151 468 1215 pentia
486 1188 497 1206 ,
529 1150 833 1214 quadrupedia
852 1188 862 1206 ‚
888 1150 1108 1202 volatilia,
1135 1151 1327 1196 natatilia
1346 1189 1356 1199 .
1387 1151 1612 1201 audirent,
1635 1151 1700 1195 in-

324 1221 564 1281 telligerent
581 1258 591 1271 ,
612 1220 936 1266 consentirent?
962 1220 1161 1265 Miranda
1180 1222 1279 1267 brec
1298 1232 1339 1266 et
1357 1222 1532 1267 omnino
1553 1220 1701 1266 divina

324 1291 570 1354 eloquentia
588 1329 598 1347 ,
620 1301 662 1337 et
681 1291 894 1336 neminem
919 1292 953 1335 G
964 1307 1051 1335 ram
1061 1291 1265 1337 maticum
1284 1302 1357 1337 aut
1373 1292 1609 1337 Rhetorem
1631 1307 1702 1336 au-

326 1362 522 1417 dierant,
550 1378 629 1408 nec
661 1362 772 1407 inter
802 1361 1016 1424 lacrymas
1052 1361 1291 1407 ferularum
1326 1372 1455 1427 atque
1484 1363 1704 1422 virgarum

322 1432 402 1478 ista
429 1432 685 1478 didicerant.
713 1433 880 1495 Nempe
900 1432 977 1477 iste
1000 1433 1183 1478 Faustus
1202 1470 1212 1489 ,
1234 1443 1280 1478 ut
1300 1433 1378 1479 lias
1403 1433 1611 1479 vanitates
1634 1431 1705 1477 di-

326 1513 435 1549 serte
455 1503 661 1564 garriret,
687 1503 740 1549 ad
757 1502 1034 1566 disciplinam
1059 1503 1246 1549 faciendi
1265 1505 1471 1550 sermonis
1488 1504 1615 1549 etiam
1636 1519 1706 1548 se-

329 1591 402 1620 rus
422 1575 624 1626 accessit;
644 1575 898 1638 etquamvis
911 1584 1016 1620 esset
1036 1575 1319 1635 aceringenio
1335 1613 1345 1631 ‚
1367 1587 1510 1621 tamen
1527 1573 1707 1635 legendo

330 1644 607 1690 stomachum
628 1646 766 1708 rupit,
791 1655 839 1690 ut
854 1645 892 1690 ei
910 1645 1105 1708 loquenti
1125 1655 1213 1690 tam
1233 1646 1364 1709 pauci
1382 1646 1701 1692 assentirentur.

336 1715 375 1762 Ο
398 1715 602 1760 miserum
619 1752 629 1767 ,
659 1715 734 1778 qui
751 1715 795 1760 in
820 1715 899 1760 ista
922 1715 1018 1761 luce
1037 1752 1047 1771 ‚
1073 1731 1123 1760 ac
1144 1733 1231 1760 non
1251 1717 1294 1761 in
1315 1717 1401 1761 illis
1426 1716 1612 1762 tenebris
1636 1732 1710 1761 na-

335 1797 404 1831 tus
431 1797 493 1832 est
525 1803 535 1831 :
564 1785 654 1832 illic
693 1786 807 1831 enim
844 1802 942 1830 eum
982 1796 1134 1831 contra
1173 1785 1314 1831 lucem
1349 1786 1707 1837 conciona11teni;

335 1855 475 1902 omnis
492 1856 617 1919 bipes
632 1893 642 1912 ,
665 1856 804 1901 omnis
825 1855 1029 1918 multipes
1043 1893 1053 1911 ‚
1078 1856 1219 1901 omnis
1237 1856 1363 1902 etiam
1385 1873 1557 1919 serpens
1575 1874 1596 1901 a
1613 1856 1711 1901 dra-

336 1944 444 1973 cone
474 1943 608 1990 usque
625 1926 679 1972 ad
699 1926 926 1972 cochleam
948 1926 1133 1971 libenter
1153 1926 1321 1972 audiret
1337 1964 1348 1982 ‚
1382 1927 1578 1972 alacriter
1602 1927 1712 1972 obe-

339 1999 483 2045 dirtet
507 1998 581 2043 hic
609 2008 750 2043 autem
789 2008 939 2043 contla
973 1998 1170 2043 tenebras
1204 1997 1528 2061 disputantem,
1569 1997 1714 2061 plures

337 2070 606 2132 eloquentem
631 2086 761 2132 quun
782 2068 988 2125 doctum,
1018 2068 1143 2113 multi
1165 2079 1307 2114 autem
1324 2068 1594 2114 seductorem
1617 2084 1714 2131 per-

338 2139 625 2186 versissimum
649 2138 969 2184 nominabant:
992 2139 1104 2184 inter
1127 2155 1290 2201 paucos
1320 2155 1421 2184 vero
1447 2138 1716 2184 Manichaeos

340 2221 549 2273 tanquam
577 2226 734 2269 magno
758 2209 960 2268 magistio
992 2208 1271 2272 plaudentes,
1309 2209 1480 2255 nullum
1517 2209 1554 2255 ei
1585 2225 1717 2273 pecus

344 2281 586 2336 annuebat,
612 2297 692 2325 nec
712 2297 759 2325 ex
782 2279 855 2324 illa
885 2279 1084 2326 doctrina
1119 2280 1267 2326 saltem
1294 2279 1489 2325 caballus
1518 2283 1610 2340 ejus
1634 2279 1717 2325 ali-

344 2350 452 2416 quid
473 2351 635 2398 sciebat
652 2387 662 2407 ,
686 2360 894 2414 tanquam
927 2351 1131 2397 omnibus
1156 2350 1419 2396 animalibus
1437 2349 1489 2395 ad
1513 2350 1598 2396 hoc
1618 2366 1719 2413 pars

346 2422 494 2468 divina
527 2432 728 2468 concreta
762 2422 840 2478 sit,
882 2432 930 2467 ut
964 2421 1120 2468 stolida
1156 2422 1320 2468 fierent.
1369 2421 1489 2479 Quid
1513 2432 1575 2467 est
1602 2421 1715 2478 hoe,

345 2496 481 2552 rogo?
503 2493 714 2552 Evigilate
730 2491 984 2555 aliquando,
1007 2493 1166 2549 miseri,
1187 2503 1227 2538 et
1247 2503 1496 2555 comparate
1514 2492 1558 2537 in
1572 2490 1721 2537 sabula

347 2575 487 2610 vestra
513 2563 709 2610 omnium
744 2564 1031 2609 animantium
1068 2564 1190 2628 prius
1222 2573 1393 2626 tempus
1427 2574 1469 2608 et
1500 2578 1716 2626 praesens,

351 2644 454 2681 tune
473 2634 516 2680 in
537 2645 647 2681 terra
669 2650 741 2680 sua
763 2671 773 2690 ‚
795 2650 912 2679 nunc
933 2634 975 2680 in
1001 2633 1086 2681 hoe
1111 2634 1302 2690 mundo3
1333 2644 1434 2680 tunc
1457 2634 1580 2680 firma
1601 2641 1724 2678 erant
