1795 3253
396 306 450 336 DE
486 303 715 335 UTlLITATE
750 302 991 343 CREDENDI,
1029 304 1115 335 LIB.
1159 303 1190 334 Ι.
1428 307 1479 337 21

116 371 233 435 quod
254 372 388 435 pauci
405 369 587 433 adipisci
606 378 789 432 possunt
805 367 1099 415 adamaremus
1119 390 1129 423 ;
1156 386 1235 416 cur
1258 369 1382 417 nobis
1401 389 1489 418 esse

115 442 296 488 similem
317 442 364 487 in
385 441 588 501 religione
609 439 812 485 nolumus
835 457 1010 485 causam
1029 477 1039 496 ,
1064 458 1195 504 quam
1209 459 1309 488 cum
1331 460 1487 504 magno

115 514 270 559 animae
292 513 540 559 discrimine
556 511 732 557 fortasse
755 511 1087 559 contemnimus.
1117 513 1163 557 Si
1182 514 1295 558 enim
1315 515 1488 560 verissi-

111 602 207 630 mus
222 595 264 630 et
285 584 592 630 sincerissimus
607 582 685 628 Dei
699 582 858 638 cultus,
874 583 1073 646 quamvis
1094 583 1148 629 sit
1165 584 1283 647 apud
1304 602 1483 648 paucos,

111 655 229 719 apud
246 673 316 702 eos
340 666 482 701 tamen
505 665 565 700 est
581 691 592 711 ,
616 653 777 718 quibus
801 653 1037 700 multitudo
1055 691 1065 709 ,
1094 671 1346 719 quanquam
1362 658 1486 720 cupi-

109 726 320 773 ditatibus
353 726 577 781 involuta,
609 735 652 770 et
676 744 699 770 a
737 725 929 788 puritate
960 725 1255 786 intelligentiae
1284 738 1450 773 remota
1469 765 1480 785 ‚

107 797 347 850 consentit3
370 795 491 859 quod
511 795 604 841 fieri
624 811 748 859 posse
767 796 863 858 quis
885 795 1090 842 dubitet?
1114 813 1290 859 quaero,
1324 798 1358 843 si
1388 799 1484 862 quis

105 866 389 912 temeritatem
419 865 757 928 vecordiamque
795 875 986 911 nostram
1023 878 1173 927 arguat
1192 904 1202 924 ,
1241 867 1362 931 quod
1395 886 1484 916 non

105 937 221 1001 apud
241 941 332 997 ejus
354 937 579 997 magistros
606 953 700 981 eam
732 935 959 996 diligenter
980 937 1286 998 investigamus
1307 976 1317 995 ,
1359 943 1483 1000 cujus

102 1008 373 1054 inveniendae
409 1008 535 1054 nobis
571 1025 725 1067 magna
766 1024 871 1053 cura
905 1008 1015 1054 inest
1031 1046 1041 1064 ,
1075 1009 1181 1072 quid
1224 1010 1483 1073 respondere

99 1079 349 1142 possimus?
373 1078 593 1124 Deterruit
608 1095 675 1124 me
689 1077 926 1124 multitudo
944 1082 961 1125 ,Ὗ
983 1080 1074 1125 Cur
1088 1080 1144 1125 31)
1159 1079 1302 1126 5111(110
1321 1082 1482 1127 artium

97 1149 344 1196 liberalium
360 1186 371 1205 ‚
398 1149 468 1195 vix
482 1149 588 1194 111116
608 1149 813 1211 praesenti
831 1149 934 1195 vitae
954 1149 1119 1213 aliquid
1139 1151 1362 1198 commodi
1385 1153 1481 1199 affc-

98 1222 281 1267 rentium
301 1258 312 1277 ,
340 1237 419 1266 6111·
456 1220 512 1266 31)
545 1219 804 1283 inquirenda
843 1223 1029 1283 pecunia
1052 1257 1064 1275 ‚
1109 1239 1188 1267 cur
1218 1223 1273 1268 ab
1312 1223 1480 1269 honore

96 1291 395 1355 adipiscendo,
417 1308 497 1337 cur
511 1290 700 1354 denique
717 1308 739 1335 a
755 1291 1050 1355 comparanda
1067 1303 1105 1338 et
1120 1292 1344 1339 retinenda
1361 1294 1480 1340 bona

94 1362 360 1418 valetudine,
381 1373 603 1426 postremo
619 1377 698 1406 cur
713 1360 768 1405 ab
791 1361 885 1424 ipsa
901 1362 1043 1407 beatae
1064 1364 1165 1408 vita:
1190 1363 1473 1426 appetitione,

94 1450 195 1479 cum
218 1433 287 1479 his
314 1450 462 1479 omnes
487 1441 789 1496 occupentur,
816 1433 947 1495 pauci
971 1433 1204 1489 excellant,
1244 1434 1365 1480 nulla
1394 1434 1474 1480 de-

93 1506 245 1550 terruit
267 1503 506 1550 multitudo
523 1507 542 1549 Ρ

155 1575 298 1622 XVII.
321 1577 377 1621 At
400 1573 589 1620 absurda
613 1573 677 1619 ibi
696 1573 785 1619 dici
808 1572 1271 1632 videbanturQuibus
1285 1593 1473 1623 asseren-

91 1645 240 1692 tibus?
260 1647 425 1709 Nempe
448 1645 658 1700 inimicis,
685 1644 880 1708 qualibet
898 1662 1045 1699 causa,
1067 1646 1265 1709 qualibet
1284 1648 1468 1705 ratione,

87 1716 314 1774 nonenim
338 1716 426 1762 hoc
448 1732 566 1761 nunc
585 1716 816 1779 quaeritur.
841 1726 986 1761 tamen
1009 1716 1213 1764 inimicis,
1251 1718 1365 1764 Cum
1406 1718 1472 1764 le—

88 1804 251 1847 gerem,
277 1805 356 1852 per
376 1805 444 1833 me
463 1788 554 1851 ipse
571 1787 768 1848 cognovi.
808 1788 958 1833 lta-ne
979 1791 1069 1834 est?
1110 1789 1241 1834 Nulla
1272 1789 1470 1836 imbutus

85 1859 262 1921 poetica
283 1858 513 1922 disciplina
537 1858 848 1903 Terentianum
888 1859 1094 1904 Maurum
1128 1859 1219 1905 sinc
1263 1861 1469 1921 magistro

85 1929 291 1989 attingere
307 1947 397 1975 non
415 1929 618 1982 auderes3
646 1930 813 1992 Asper,
845 1929 1064 1975 Cornutus
1079 1967 1089 1985 ‚
1114 1932 1308 1976 Donatus
1333 1942 1375 1977 et
1397 1931 1468 1977 3111

84 1999 420 2046 innumerabiles
444 1998 747 2062 requiruntur,
778 2008 825 2043 ut
849 1998 1032 2061 quilibet
1062 2004 1198 2062 poeta
1234 2001 1371 2064 possit
1393 2002 1467 2047 in·-

87 2070 235 2131 teffigi,
259 2074 384 2131 cujus
402 2070 594 2116 carmina
608 2080 650 2115 et
668 2069 824 2117 theatri
842 2069 1023 2132 plausus
1036 2070 1240 2117 videntur
1256 2082 1461 2135 captare:

82 2150 130 2186 tu
146 2141 191 2186 in
211 2157 282 2186 eos
301 2140 460 2194 libros,
484 2139 560 2202 qui
586 2156 763 2203 quoquo
785 2139 916 2185 modo
932 2157 974 2185 se
994 2140 1189 2187 habeant
1203 2179 1214 2198 ‚
1236 2143 1375 2188 sancti
1395 2153 1465 2188 ta-

81 2227 180 2256 men
196 2210 531 2273 divinarumque
555 2227 697 2255 rerum
724 2210 858 2274 pleni,
881 2228 1020 2274 prope
1040 2212 1170 2259 totius
1190 2214 1353 2274 generis
1371 2213 1463 2260 hu-

80 2282 198 2327 mani
221 2280 486 2328 confessione
507 2281 808 2337 diffamantur,
835 2281 926 2327 sine
943 2281 1056 2329 duce
1076 2283 1205 2331 irruis
1223 2322 1234 2340 ,
1258 2295 1300 2330 61
1314 2284 1367 2331 de
1391 2285 1460 2331 his

79 2353 168 2398 sine
184 2362 456 2416 praeceptore
476 2352 606 2398 audes
631 2351 740 2397 fene
764 2351 1050 2398 sententiam·
1040 2371 1152 2408 ,1166
1168 2356 1202 2401 51
1217 2355 1299 2401 tibi
1314 2354 1460 2418 aliqua

78 2433 315 2470 occurrunt
338 2440 441 2488 quae
465 2423 696 2469 videantur
721 2423 938 2479 absurda,
971 2424 1221 2472 tarditatem
1255 2436 1374 2471 tuam
1415 2436 1458 2471 et

76 2494 370 2558 putrefactum
395 2494 494 2540 tabe
499 2478 679 2554 hujus
673 2494 829 2540 mundi
853 2496 1047 2541 animum
1062 2496 1236 2575 ‚qualis
1260 2496 1458 2542 omnium

75 2564 309 2611 stultorum
333 2575 423 2621 est,
457 2581 632 2610 accusas
655 2567 800 2628 potius
817 2603 828 2621 ‚
866 2583 998 2629 quam
1023 2584 1093 2612 cos
1123 2567 1199 2631 qui
1230 2566 1408 2613 fortasse
1431 2586 1455 2613 3

75 2635 236 2684 talibus
255 2635 437 2698 intelligi
455 2647 689 2701 nequeunt.
718 2637 946 2696 Quaereres
964 2637 1151 2703 aliquem
1179 2639 1303 2704 pium
1327 2638 1453 2687 simul
