1795 3253
80 338 253 371 CONTRA
290 336 558 369 ADIMANTUM
593 333 828 366 MANICIIAEI
867 332 1085 363 DISCIPUL.
1129 334 1215 365 ΜΒ.
1258 334 1289 365 1.
1365 316 1449 365 133

81 504 712 521 mmszmu2=ssxnusszv==t==x===
721 505 755 513 *ἱ
764 504 877 514 ιῆὶνὶλ
889 505 982 515 ===u
991 506 1129 517 ἱιὶτιιι
1138 509 1171 519 ι,

1177 506 1442 525 ιιι-ιιςννῗνβ(

608 621 784 664 CAPUT
815 622 928 664 XIII.

150 771 216 815 DE
243 785 292 815 eo
318 768 438 831 quod
468 769 680 832 scriptum
713 778 776 814 est
802 770 847 814 in
880 769 1217 815 Deuteronomio
1239 787 1249 814 ε
1271 769 1463 816 «Videte

85 863 108 884 >2
131 859 183 887 ne
203 839 523 885 obliviscamini
541 849 843 885 testamentum
863 839 943 884 Dei
960 841 1089 885 vestri
1105 840 1225 903 quod
1241 840 1465 903 conscrip-

85 934 107 954 »
130 912 201 968 sit,
234 920 275 955 et
299 909 466 954 faciatis
491 910 616 955 vobis
640 910 795 970 effigies
819 920 859 954 e't
883 910 1104 969 imagines
1132 932 1151 950 >³
1171 910 1306 956 Addit
1335 910 1466 956 etiam

86 982 234 1028 dicens
256 998 267 1026 ι
290 1002 310 1021 r<
330 982 445 1026 Deus
471 991 608 1027 vester
639 982 747 1041 ignis
773 991 833 1026 est
863 980 986 1038 edax,
1018 992 1058 1026 et
1092 983 1207 1026 Deus
1233 979 1419 1026 zelans1.
1446 1001 1466 1021 ))

87 1053 196 1097 Haec
216 1051 350 1099 verba
373 1051 426 1096 de
447 1051 685 1114 Scripturis
712 1052 798 1097 hoc
822 1052 953 1097 modo
979 1052 1050 1097 ille
1075 1051 1334 1097 Adimantus
1358 1068 1468 1114 pro-

86 1122 248 1186 posuit.
288 1123 393 1181 Ejus
426 1124 542 1167 enim
580 1123 820 1168 calumnias
846 1122 1095 1168 refutandas
1128 1121 1472 1184 refellendasque

88 1190 367 1253 suscepimus
399 1191 485 1236 Sed
505 1203 546 1237 et
558 1196 650 1252 jam
668 1194 865 1254 superius
886 1191 939 1236 de
962 1191 1052 1236 zelo
1081 1192 1159 1237 Dei
1177 1209 1278 1237 cuin
1297 1191 1471 1237 calum-

87 1262 297 1316 niaretur,
325 1271 434 1324 puto
455 1263 555 1306 satis
574 1278 660 1306 esse
681 1279 950 1324 responsum.
979 1263 1304 1308 Meminerimus
1328 1274 1474 1309 tamen

89 1349 177 1377 non
198 1332 334 1377 solum
356 1332 436 1388 ibi,
464 1331 535 1377 sed
559 1332 687 1378 etiam
713 1333 801 1386 hic,
826 1333 885 1378 sic
907 1349 1005 1378 eum
1029 1333 1080 1379 de
1106 1334 1194 1379 zelo
1222 1334 1295 1379 Dei
1320 1334 1474 1380 crimi-

91 1413 244 1448 natum
273 1402 539 1466 Scripturas,
567 1413 615 1447 ut
640 1403 894 1463 adjungeret
924 1404 1048 1449 etiam
1077 1404 1195 1468 quod
1220 1404 1273 1449 de
1293 1404 1476 1449 simula-

92 1480 176 1524 cris
196 1493 285 1522 non
306 1475 496 1523 colendis
519 1478 563 1523 in
586 1478 668 1523 illis
686 1478 832 1523 Libris
844 1478 1104 1541 praecipitur
1123 1496 1142 1523 a
1168 1478 1357 1523 Domino
1382 1479 1474 1524 Deo

92 1558 239 1594 nostro
259 1548 412 1610 :quasi
443 1564 531 1592 non
558 1547 615 1592 ob
639 1547 757 1592 aliud
787 1548 1077 1610 reprehendat
1099 1549 1237 1593 zelum
1270 1549 1367 1603 Dei,
1396 1548 1479 1594 nisi

94 1619 215 1683 quod
246 1618 321 1664 illo
344 1619 440 1681 ipso
466 1619 556 1664 zelo
586 1636 607 1663 a
632 1618 754 1663 cultu
787 1618 1119 1663 simulacrorum
1149 1618 1474 1681 prohibemur:

95 1690 190 1737 vult
206 1701 305 1750 ergo
328 1689 465 1736 videri
488 1689 630 1735 favere
651 1706 693 1734 sc
712 1688 968 1735 simulacris.
1004 1689 1136 1744 Quod
1157 1700 1388 1752 propterea
1410 1690 1480 1735 fa-

97 1761 237 1817 ciunt,
267 1771 316 1806 ut
341 1760 592 1806 miserrimae
615 1771 656 1805 ct
675 1776 843 1806 vesanae
866 1776 956 1805 suae
980 1771 1107 1806 sectae
1127 1762 1256 1806 etiam
1278 1762 1482 1821 Pagano—

97 1848 193 1877 rum
210 1831 444 1877 concilient
462 1830 823 1877 benevolentiam.
851 1830 968 1875 Huic
991 1841 1132 1876 autem
1148 1831 1273 1891 Legis
1290 1831 1484 1895 capitulo

98 1901 208 1948 illud
228 1902 540 1962 Evangelicum
561 1902 765 1965 opponit,
797 1901 876 1946 ubi
900 1902 1081 1966 quidam
1109 1903 1286 1948 accessit
1309 1902 1362 1948 ad
1390 1904 1484 1948 Do-

99 1973 268 2019 minum
300 1983 341 2018 ct
374 1972 431 2017 ait
460 1973 523 2018 illi
546 1991 556 2016 ε
577 1972 817 2031 «Magister
851 1973 980 2026 bone,
1018 1972 1127 2036 quid
1155 1971 1316 2018 faciens
1352 1975 1487 2019 vitam

102 2055 354 2089 »aeternam
388 2043 654 2105 possidebo?
696 2043 778 2088 Cui
812 2042 1038 2106 respondit
1079 2044 1201 2088 Jcsus
1223 2061 1232 2088 :
1256 2043 1376 2100 Quid
1418 2061 1487 2090 me

102 2135 124 2156 ))
146 2113 382 2172 interrogas
408 2112 461 2157 de
492 2112 641 2156 hono?
670 2112 804 2156 Nemo
829 2113 973 2158 bonus
991 2150 1002 2169 ‚
1032 2113 1111 2158 nisi
1145 2130 1256 2159 unus
1284 2115 1442 2161 Deus2.
1466 2136 1488 2157 »

103 2187 163 2232 Ut
190 2202 237 2231 ex
265 2185 352 2230 hoc
374 2183 577 2230 videlicet
605 2183 822 2228 contraria
844 2182 924 2228 ista
947 2200 1034 2229 esse
1058 2184 1351 2242 arbitremur,
1384 2185 1491 2249 quia

104 2258 150 2303 in
176 2259 289 2317 Lege
314 2255 479 2302 dicitur
499 2273 510 2299 ε
533 2276 552 2296 «
573 2256 688 2300 Deus
709 2255 819 2315 ignis
853 2255 977 2311 edax,
1000 2266 1042 2300 et
1070 2257 1185 2301 Deus
1209 2256 1376 2310 zelans;
1402 2279 1420 2298 n
1444 2258 1491 2302 in

107 2326 343 2388 Evangelio
357 2337 500 2372 autem
518 2344 528 2371 :
546 2347 566 2367 «
582 2326 718 2370 Nemo
739 2325 898 2381 bonus,
921 2326 1002 2371 nisi
1022 2343 1134 2371 unus
1158 2328 1286 2373 Deus.
1311 2348 1331 2368 ›>

173 2399 230 2443 Et
260 2397 314 2442 de
333 2397 422 2443 zelo
442 2397 617 2461 quidem
634 2400 724 2456 jam
748 2414 999 2460 responsum
1018 2409 1097 2453 cst,
1116 2414 1203 2443 non
1222 2398 1282 2442 sic
1306 2414 1394 2442 esse
1413 2396 1494 2443 ista

108 2469 242 2515 verba
264 2468 308 2513 in
332 2468 571 2531 Scripturis
584 2469 742 2532 posita,
760 2468 1009 2532 utaliquam
1022 2469 1101 2514 Dei
1117 2468 1508 2532 perturbationem-

111 2539 408 2586 cruciatumve
438 2539 679 2600 significent
701 2556 712 2584 ε
735 2538 806 2585 sed
839 2539 941 2603 quia
968 2538 1081 2585 nihil
1106 2539 1287 2600 dignum
1313 2538 1366 2584 de
1400 2541 1496 2585 Deo

161 2648 288 2680 ¹Deut.
310 2659 353 2687 ιν,
376 2651 432 2682 23.
455 2668 493 2673 -—
511 2647 525 2670 '²
549 2651 638 2681 Marc
669 2661 697 2686 x,
726 2661 774 2688 ις,
807 2652 855 2679 [8.
