1795 3253
346 285 356 312 ι
379 268 395 323 '1
762 280 798 310 s.
842 278 1080 310 Aucus'rim
1121 278 1319 310 xersem-1

339 348 379 394 id
403 358 544 392 tamen
573 355 771 408 putatur,
806 343 923 408 quod
954 343 1081 389 etiam
1102 343 1170 390 ille
1203 344 1279 408 qui
1315 345 1487 408 scripsit
1526 345 1709 409 putavit.

335 418 531 462 'l‘ertiuin
553 425 636 471 est,
680 431 783 460 cum
821 431 868 459 ex
914 414 1050 460 alieno
1083 415 1246 478 scripto
1272 414 1529 476 intelligitur
1553 415 1718 480 aliquid

334 487 442 540 veri,
466 501 565 533 cum
593 485 677 531 hoc
697 484 767 530 ille
785 485 861 548 qui
898 485 1069 548 scripsit
1093 523 1102 541 ,
1144 503 1229 531 non
1253 485 1520 533 intellexerit.
1554 487 1604 532 ln
1630 498 1718 551 quo

337 574 486 619 genere
500 574 582 603 non
603 573 757 620 parum
773 566 834 601 est
855 556 1068 609 utilitatis,
1090 557 1176 602 imo
1203 557 1235 602 si
1259 555 1508 617 diligentius
1523 557 1718 604 conside-

337 632 402 675 res
417 666 426 682 ,
450 638 562 673 totus
581 625 745 687 legendi
770 625 935 672 fructus
955 638 1016 671 est
1035 628 1210 686 integer.
1235 627 1372 672 Primi
1392 628 1555 688 generis
1577 645 1715 673 exem-

340 698 462 764 plum
490 709 551 743 est
572 736 582 753 ‚
611 708 657 743 ut
678 697 710 742 si
735 697 994 761 quisquam,
1024 698 1145 743 verbi
1177 697 1336 757 gratia,
1359 697 1476 744 dicat
1497 709 1539 744 et
1569 696 1722 744 credat

342 768 740 816 Rhadamanthum
767 767 885 832 apud
907 767 1063 813 inferos
1081 768 1230 814 audire
1247 785 1296 814 ac
1308 767 1551 827 dijudicare
1571 785 1723 814 causas

340 852 612 888 mortuorum
638 878 648 896 ,
686 857 735 885 eo
770 838 889 903 quod
933 840 1124 885 Maronis
1147 839 1189 885 in
1216 840 1413 885 carmine
1437 840 1481 886 id
1527 838 1722 900 legerit1.

342 912 427 959 Hic
447 911 559 957 enim
578 921 690 956 errat
715 909 889 955 duobus
911 910 1051 956 modis
1068 948 1077 966 ,
1108 908 1226 974 quod
1243 921 1283 955 et
1308 927 1397 955 rem
1422 928 1509 956 non
1534 910 1723 956 creden-

343 982 443 1028 dam
462 981 616 1037 credit,
643 997 781 1044 neque
806 979 849 1026 id
875 981 1096 1044 putandus
1132 991 1194 1026 est
1216 980 1451 1027 credidisse
1491 980 1561 1027 ille
1593 998 1724 1045 quem

340 1052 455 1113 legit.
488 1051 682 1097 Alterum
706 1067 838 1111 genus
857 1051 1108 1097 animaverti
1133 1052 1192 1097 sic
1218 1062 1383 1116 potest:
1413 1052 1447 1097 si
1465 1052 1564 1116 quis
1584 1089 1595 1108 ‚
1621 1053 1724 1117 quia

342 1123 572 1169 Lucretius
610 1122 799 1167 animam
832 1138 881 1167 ex
923 1122 1076 1167 atomis
1099 1140 1184 1168 esse
1208 1123 1387 1179 scribit,
1413 1139 1596 1186 eamque
1621 1133 1727 1186 post

341 1204 522 1240 mortem
541 1192 587 1238 in
608 1191 775 1237 easdem
801 1202 965 1238 atomos
979 1193 1085 1238 solvi
1105 1204 1234 1256 atque
1258 1193 1434 1239 interire
1454 1230 1464 1249 ,
1500 1193 1546 1238 id
1568 1209 1722 1239 verum

346 1281 393 1310 ac
415 1263 499 1309 sibi
519 1262 783 1308 credendum
799 1263 1049 1309 arbitretur.
1083 1263 1193 1309 Nam
1211 1264 1343 1309 ethic
1365 1282 1453 1309 non
1471 1265 1611 1310 minus
1639 1264 1727 1310 mi·-

345 1344 496 1389 serest,
524 1333 558 1378 si
585 1332 638 1378 de
663 1349 707 1378 re
737 1342 853 1378 tanta
891 1333 936 1378 id
958 1333 1078 1396 quod
1105 1332 1260 1379 falsum
1295 1345 1356 1379 est
1393 1351 1473 1397 pro
1498 1345 1618 1380 certo
1644 1334 1727 1380 sibi

343 1403 581 1470 persuasit;
617 1419 869 1466 quanquam
897 1402 939 1447 id
968 1404 1221 1459 Lucretius,
1255 1408 1380 1464 cujils
1406 1404 1528 1449 libris
1566 1404 1731 1469 decep-

348 1487 414 1521 tus
440 1485 526 1530 est,
555 1473 757 1536 opinatus
781 1473 848 1520 sit.
879 1473 998 1529 Quid
1021 1474 1133 1518 enim
1154 1474 1259 1519 huic
1276 1474 1453 1538 prodest
1469 1474 1522 1520 de
1544 1475 1731 1521 auctoris

347 1545 553 1591 sententia
578 1555 744 1589 certum
768 1560 872 1599 esse,
898 1543 1076 1607 quaudo
1115 1544 1198 1589 sibi
1223 1561 1321 1589 eum
1362 1561 1449 1590 non
1485 1561 1564 1608 per
1595 1562 1724 1609 quem

344 1635 431 1663 non
453 1625 631 1671 erraret,
654 1614 726 1660 sed
755 1632 854 1661 cum
872 1632 960 1679 quo
983 1625 1160 1669 erraret,
1183 1615 1386 1675 elegerit?
1412 1617 1558 1662 Tertio
1579 1621 1723 1676 generi

344 1699 404 1733 est
434 1685 541 1732 illud
568 1686 979 1731 accommodatum:
1010 1686 1044 1731 si
1070 1686 1166 1750 quis
1192 1687 1449 1749 Epicurum,
1478 1687 1590 1733 lecto
1633 1691 1725 1748 ejus

347 1762 387 1805 in
408 1757 530 1803 libris
546 1756 690 1818 aliquo
724 1756 821 1801 loco
842 1756 917 1801 ubi
942 1756 1254 1802 continentiam
1288 1756 1456 1811 laudat,
1486 1758 1530 1803 in
1561 1759 1723 1805 virtute

343 1829 465 1876 illum
483 1843 698 1873 summum
712 1826 875 1872 bonum
893 1827 1083 1890 posuisse
1103 1837 1326 1882 asseveret,
1350 1838 1391 1873 et
1409 1828 1507 1873 ideo
1527 1845 1615 1874 non
1639 1846 1726 1875 esse

346 1897 631 1962 culpandum.
658 1895 772 1941 Huic
788 1896 915 1941 etiam
934 1896 1040 1960 quid
1060 1897 1182 1942 obest
1196 1914 1313 1943 error
1328 1897 1509 1961 Epicuri
1525 1936 1535 1955 ,
1559 1900 1591 1944 si
1607 1915 1724 1945 sum-

346 1985 464 2015 mum
499 1967 667 2012 bonum
692 1966 884 2011 hominis
923 1967 1194 2030 voluptatem
1220 1967 1292 2013 ille
1332 1969 1528 2031 corporis
1553 1969 1721 2023 credit;

348 2055 448 2086 cum
478 2038 555 2083 iste
583 2053 672 2082 non
694 2053 736 2081 se
764 2035 931 2082 dederit
960 2047 1048 2082 tam
1093 2038 1209 2101 turpi
1231 2038 1455 2102 noxiaeque
1480 2041 1720 2097 sententiae,

347 2125 486 2173 neque
504 2108 562 2152 ol)
582 2107 708 2152 aliam
731 2124 904 2153 causam
930 2108 967 2153 ei
1010 2108 1180 2171 placeat
1216 2110 1458 2172 Epicurus,
1495 2111 1577 2157 nisi
1602 2112 1722 2175 quod

347 2197 445 2225 eum
479 2178 652 2224 sensisse
675 2191 764 2222 non
786 2188 932 2241 putat,
972 2178 1092 2242 quod
1118 2180 1263 2226 sentiri
1284 2197 1369 2225 non
1392 2185 1618 2243 oporteat?
1639 2183 1722 2228 Hic

347 2267 464 2296 error
505 2265 593 2294 non
632 2247 763 2293 modo
806 2249 1023 2294 humanus
1059 2260 1137 2302 est,
1188 2250 1261 2295 sed
1308 2266 1423 2313 saepe
1466 2251 1595 2298 etiam
1635 2253 1722 2299 lio-

345 2321 461 2367 mine
482 2317 770 2378 dignissimus.
796 2319 914 2375 Quid
940 2319 1051 2364 enim
1079 2319 1110 2364 si
1134 2320 1244 2365 mihi
1267 2319 1321 2366 de
1333 2319 1478 2383 aliquo
1501 2338 1628 2384 quem
1648 2323 1721 2370 di—

345 2392 516 2452 ligerem
542 2387 831 2445 nuntiaretur,
847 2389 963 2453 quod
990 2389 1096 2439 sihi,
1121 2406 1219 2436 cum
1235 2401 1340 2437 esset
1358 2390 1586 2449 barbatus,
1606 2411 1719 2457 pue—

344 2461 487 2508 ritiam
532 2469 662 2523 atque
700 2458 925 2506 infantiam
961 2461 1017 2506 ita
1053 2460 1223 2524 placere
1261 2461 1407 2508 multis
1440 2463 1719 2512 audientibus

339 2531 510 2587 dixerit,
538 2529 728 2576 utetiam
745 2531 956 2590 juraverit
975 2546 1017 2577 se
1042 2531 1238 2580 similiter
1265 2532 1374 2579 velle
1397 2533 1558 2591 vivere,
1585 2534 1718 2600 idque

390 2616 400 2639 ¹
421 2615 512 2656 Virg.
527 2612 649 2645 AEueid.
667 2614 699 2644 6.
1649 2612 1651 2614 ’
