1795 3253
352 276 407 305 nr.
444 274 671 306 murm}
707 274 951 315 cnunmor,
994 275 1083 306 ΜΒ.
1127 276 1156 307 1.
1400 266 1453 311 13

75 340 163 397 cia,
194 350 237 388 et
270 340 303 386 si
328 339 435 404 quid
460 339 713 400 hujusmodi
730 351 808 397 est,
841 349 963 386 tanta
990 341 1193 404 mysteria
1219 345 1451 392 eontinen-

76 422 162 467 tur,
188 411 388 458 utomnis
406 411 506 474 pius
527 410 738 470 intelligat
760 411 873 457 nihil
891 427 977 457 esse
996 412 1295 474 perniciosiuS,
1319 433 1452 480 quam

74 482 291 546 quidquid
312 482 374 528 ibi
414 493 477 528 est
499 481 642 544 accipi
661 481 715 527 ad
739 481 947 537 litteram,
976 481 1023 527 id
1049 493 1127 540 est,
1158 483 1212 529 ad
1241 487 1421 535 verbum
1437 509 1449 544 ;

73 553 185 599 nihil
224 563 363 599 autem
394 552 609 598 salubrius
626 589 637 605 ‚
664 569 796 616 quam
820 553 978 616 spiritu
997 553 1189 601 revelari.
1233 556 1340 602 lnde
1365 570 1449 605 est:

74 624 276 670 «Littera
309 623 496 680 occidit,
529 623 706 686 spiritus
752 634 895 669 autem
925 623 1131 672 vivificat.
1156 646 1175 668 »
1208 627 1316 673 Inde
1353 640 1447 675 est:

71 716 93 737 «
108 694 307 758 Idipsum
324 693 517 741 velamen
532 694 578 739 in
596 693 779 740 lectione
798 694 961 740 Veteris
980 695 1243 742 Testamenti
1270 711 1414 746 manet
1432 738 1444 758 ‚

73 764 230 829 »quod
258 782 346 810 non
361 764 603 821 revelatur,
628 764 835 828 quoniam
852 765 897 809 in
922 764 1097 810 Christo
1114 779 1353 815 evacuatur
1371 769 1404 817 1.
1428 792 1449 814 »

73 837 322 882 Evacuatur
345 852 532 898 namque
549 835 596 880 in
608 835 803 891 Christo,
831 852 920 880 non
935 835 1066 881 Vetus
1090 836 1413 886 Testamentum
1434 879 1446 899 ,

72 906 144 953 sed
162 907 355 956 velamen
375 909 484 966 ejus,
533 917 581 952 ut
603 924 682 970 per
706 906 934 951 Christum
950 906 1235 967 intelligatur,
1265 921 1306 955 et
1328 913 1451 976 quasi

71 977 331 1034 denudetur,
357 976 472 1041 quod
499 978 588 1023 sine
619 977 795 1022 Christo
824 977 1061 1023 obscurum
1099 989 1229 1042 atque
1255 980 1446 1045 adoper-

71 1059 163 1094 tum
186 1059 262 1096 est.
290 1048 449 1094 Statim
473 1048 639 1111 quippe
658 1047 772 1093 idem
791 1046 1024 1111 Apostolus
1049 1049 1226 1108 subjicit
1250 1068 1260 1095 :
1292 1072 1311 1091 <f
1334 1054 1448 1099 Cum

70 1141 91 1161 >2
115 1131 256 1166 autem
280 1119 497 1166 transieris
531 1119 587 1165 ad
627 1118 852 1165 Christum
870 1156 880 1175 ‚
906 1118 1122 1165 auferetur
1148 1121 1340 1168 velamen
1360 1125 1393 1171 2.
1426 1145 1447 1166 J)

71 1192 168 1236 Bon
182 1190 295 1236 enim
315 1191 392 1247 ait,
413 1189 630 1236 auferetur
646 1188 727 1245 lex,
747 1199 822 1234 aut
837 1190 1161 1236 Testamentum
1180 1192 1323 1240 Vetus.
1344 1195 1443 1240 Non

67 1262 199 1322 igitur
221 1279 299 1325 per
317 1261 494 1307 Domini
514 1261 712 1321 gratiam,
741 1271 950 1324 tanquam
975 1260 1146 1307 inutilia
1166 1262 1230 1309 ibi
1250 1274 1445 1325 tegeren-

69 1342 157 1389 tur,
184 1332 328 1378 ablata
350 1342 476 1386 sunt;
503 1331 577 1378 sed
619 1342 789 1391 tegmen
820 1331 984 1394 potiUS‚
1031 1349 1119 1394 quo
1159 1334 1280 1380 utilia
1328 1346 1446 1397 tege-

66 1403 242 1450 bantur.
274 1403 370 1449 Hoc
403 1402 535 1448 modo
578 1402 839 1462 agiturcum
864 1402 912 1447 iis
949 1403 1025 1466 qui
1057 1403 1247 1451 studiose
1274 1424 1322 1452 ac
1351 1408 1441 1470 pie,

66 1491 154 1519 non
182 1473 359 1520 turbide
382 1484 508 1537 atque
525 1473 728 1536 improbe
746 1510 756 1528 ‚
795 1473 1124 1536 Scripturarum
1147 1475 1325 1524 illarum
1351 1495 1443 1523 sen-

67 1561 162 1590 sum
185 1546 427 1608 requirunt,
461 1543 870 1606 demonstraturque
893 1542 1042 1589 sedulo
1067 1555 1109 1589 et
1133 1545 1242 1591 ordo
1269 1564 1412 1593 rerum
1429 1586 1440 1606 ‚

68 1625 110 1661 ct
130 1632 272 1661 causae
290 1615 508 1661 factorum
526 1625 653 1678 atque
671 1614 889 1660 dictorum
906 1651 917 1670 ‚
944 1625 984 1659 et
997 1615 1162 1661 Veteris
1180 1618 1440 1664 Testamenti

70 1686 122 1732 ad
145 1688 318 1734 Novum
346 1696 466 1732 tanta
491 1686 774 1746 congruentia
795 1722 806 1743 ‚
848 1696 897 1731 ut
922 1703 1026 1749 apex
1050 1686 1213 1743 nullus,
1242 1691 1318 1752 qui
1356 1707 1444 1735 nou

67 1768 288 1814 consonet,
332 1756 629 1820 relinquatur3
655 1767 696 1802 et
733 1757 971 1816 figurarum
1015 1767 1132 1803 tanta
1167 1770 1324 1804 secreta
1343 1798 1353 1816 ,
1398 1773 1446 1807 ut

67 1829 211 1874 omnia
227 1844 329 1892 quae
357 1827 685 1891 interpretando
721 1837 952 1882 eruuntur,
979 1827 1154 1874 miseros
1180 1846 1266 1874 esse
1287 1843 1445 1892 cogant

65 1898 212 1957 fateri,
238 1899 313 1964 qui
326 1898 426 1945 haec
437 1898 591 1945 volunt
605 1908 704 1944 ante
725 1897 1033 1953 condemnare,
1056 1916 1187 1963 quam
1215 1900 1373 1949 dicere.

131 1972 187 2018 X.
233 1969 318 2016 Sed
354 1979 420 2026 ut,
458 1970 614 2015 omissa
651 1969 825 2014 interim
863 1969 1091 2015 altitudine
1125 1971 1344 2028 scientim,
1385 1975 1446 2020 sic

68 2057 191 2102 agam
217 2051 392 2097 tecum,
439 2038 665 2103 quomodo
709 2039 925 2099 agendum
968 2039 1158 2085 arbitror
1193 2058 1292 2087 cum
1315 2042 1447 2089 firmi-

65 2112 162 2159 liari
185 2130 279 2159 meo
309 2130 320 2158 :
349 2111 396 2158 id
415 2122 502 2169 est,
542 2110 655 2156 sicut
681 2127 780 2171 ergo
813 2127 1008 2173 possum,
1036 2128 1125 2156 non
1151 2111 1263 2158 sicut
1280 2112 1446 2160 doetis‹

66 2183 194 2230 simos
229 2184 344 2230 viros
373 2199 498 2246 posse
525 2182 704 2228 miratus
730 2198 824 2227 sum
849 2199 858 2226 :
888 2182 988 2227 Tria
1014 2199 1166 2242 genera
1202 2194 1302 2229 sunt
1324 2202 1446 2230 erro-

65 2255 139 2310 ris,
161 2254 323 2317 quibus
339 2253 539 2298 homines
562 2263 726 2308 errant,
752 2269 854 2297 cum
879 2252 1046 2315 aliquid
1071 2253 1236 2314 legunt.
1269 2256 1331 2300 De
1351 2257 1444 2302 sin-

66 2324 176 2384 gulis
191 2323 350 2370 dicam.
381 2322 580 2367 Primum
607 2338 739 2381 genus
762 2332 841 2378 est,
884 2322 929 2367 in
955 2339 1042 2385 quo
1067 2323 1112 2368 id
1138 2324 1258 2388 quod
1284 2324 1442 2373 salsum

66 2404 127 2440 est
154 2411 306 2440 verum
329 2403 535 2457 putatur,
575 2408 677 2438 cum
711 2390 831 2438 aliud
869 2393 947 2455 qui
986 2392 1160 2456 scripsit
1200 2397 1435 2457 putaverit.

67 2464 262 2511 Alterum
279 2475 358 2520 est,
384 2462 584 2528 quamvis
617 2479 704 2508 non
737 2472 825 2508 tam
856 2463 941 2508 late
964 2473 1117 2526 patens
1135 2501 1146 2520 ,
1172 2482 1261 2510 non
1300 2476 1445 2515 tamen

65 2535 210 2581 minus
231 2534 408 2581 noxium
423 2571 434 2593 ,
465 2550 566 2580 cum
587 2532 634 2579 id
651 2532 771 2598 quod
793 2533 948 2581 falsum
967 2545 1028 2581 est
1053 2551 1200 2583 verum
1227 2547 1411 2599 putatur
1428 2577 1441 2598 ,

114 2618 125 2641 ¹
147 2629 164 2650 2
178 2620 251 2654 Cor.
268 2630 320 2659 111,
334 2619 370 2663 6,
389 2624 421 2651 et
445 2615 684 2655 14.—21hid,
709 2619 761 2652 ιδ,
