1795 3253
360 273 441 321 190.
772 271 804 301 ε.
851 271 1088 306 AUGUSTIM
1129 273 1327 304 Erlscori

352 356 462 385 »nes
496 337 681 393 Afric-se,
718 354 819 401 quae
852 349 911 383 est
945 338 997 384 ad
1032 339 1256 401 Cyrenen3
1292 339 1432 404 etqui
1463 340 1727 391 advenerant

351 432 369 450 »
392 408 574 454 Romani
591 445 601 463 ,
628 418 669 452 et
705 407 847 453 juda-i
865 445 876 464 ,
912 419 953 453 et
987 408 1142 454 incolae
1163 445 1172 454 .
1200 419 1241 452 et
1266 410 1436 466 Cretes,
1464 421 1505 456 et
1531 412 1691 459 Arabes
1710 449 1721 470 ,

351 502 369 521 ›>
390 479 627 524 audiebant
662 478 882 541 loquentes
926 479 1018 524 illos
1057 479 1141 523 suis
1177 478 1332 538 linguis
1374 481 1587 540 magnalia
1625 484 1717 531 Dei.

351 573 370 591 γ»
393 550 639 612 Stupebant
659 560 821 605 autem,
838 560 880 594 et
900 550 1166 594 lia=sita1nmt
1183 549 1240 593 ob
1259 549 1301 593 id
1320 550 1439 611 quod
1458 550 1621 597 factum
1643 564 1721 610 est,

351 642 370 661 >‚
391 619 580 665 dieentes
604 637 614 663 ε
644 619 867 674 Quidnam
902 619 987 664 hoe
1018 618 1113 664 vult
1137 622 1257 663 esse?
1282 618 1366 664 Alii
1400 630 1543 666 autem
1569 621 1727 668 irride-

351 712 370 731 »
390 690 497 735 bant
513 727 523 737 .
556 689 746 735 dieentes
771 706 781 732 ε
812 688 868 733 Ili
889 699 1032 733 musto
1052 704 1199 733 omnes
1223 688 1388 733 onerati
1407 689 1548 736 sunt1.
1573 711 1593 732 »
1614 692 1727 737 Ecce

348 761 423 806 ubi
440 762 555 806 venit
577 759 766 823 Spiritus
785 770 983 805 sanetus:
1006 759 1113 821 quid
1131 758 1260 803 vultis
1274 758 1492 822 amplius?
1513 760 1559 806 Si
1576 762 1725 826 Serip-

352 831 458 876 turis
483 829 748 875 eredendum
777 840 864 878 est.
893 847 972 875 cur
994 847 1081 874 non
1106 829 1174 873 his
1199 829 1344 892 potius
1379 830 1553 877 credam
1575 869 1586 888 ‚
1625 849 1726 895 quae

346 901 646 946 robustissima
690 901 943 946 auctoritate
980 901 1161 945 firmatae
1198 911 1322 955 sunt3
1357 918 1458 964 quae
1491 918 1592 947 cum
1629 903 1725 966 ipso

348 972 579 1030 Evangelio
600 1009 610 1027 ‚
651 972 729 1016 ubi
770 971 1031 1033 promissum
1076 969 1289 1033 Spiritum
1325 982 1522 1017 sanctum
1562 973 1726 1035 pariter

343 1042 591 1094 credimus,
628 1042 892 1086 innotescere
926 1039 1102 1103 populis
1142 1050 1183 1083 et
1220 1040 1518 1086 commendari
1544 1043 1725 1104 posteriS

343 1112 663 1176 praedicarique
687 1114 969 1156 meruerunt?
1010 1111 1101 1156 Hos
1124 1127 1224 1169 ergo
1252 1113 1384 1156 Actus
1414 1111 1724 1174 Apostolorum

345 1181 578 1242 Evangelio
602 1182 697 1244 pari
724 1181 980 1226 auctoritate
1006 1183 1264 1239 conjunctos
1285 1198 1385 1228 eum
1404 1180 1523 1239 lego,
1550 1182 1722 1228 invenio

343 1270 429 1299 non
465 1251 603 1297 solum
628 1268 715 1296 esse
743 1251 1006 1313 promissum
1041 1249 1125 1294 illis
1147 1250 1257 1295 veris
1286 1250 1503 1313 Apostolis
1523 1262 1721 1298 sanetum

342 1324 555 1387 Spiritum
570 1358 580 1376 ‚
609 1320 679 1366 sed
700 1320 826 1365 etiam
853 1329 942 1364 tam
962 1319 1186 1363 ma11ifi=st0
1207 1320 1382 1365 missum
1398 1357 1409 1376 ‚
1439 1330 1487 1367 ut
1507 1320 1651 1367 nullus
1667 1320 1721 1367 de

340 1398 421 1442 hac
445 1413 489 1440 re
510 1394 630 1439 loeus
651 1391 967 1452 relinqueretur
986 1390 1218 1435 erroribus.

406 1467 484 1512 XI.
528 1461 796 1509 Clarifieatio
830 1459 943 1505 enim
977 1459 1153 1504 Domini
1182 1460 1319 1504 nostri
1349 1460 1469 1523 apud
1499 1461 1714 1521 homines,

338 1535 591 1582 resurreetio
614 1544 676 1577 est
693 1550 714 1576 a
734 1529 932 1584 mortuis,
956 1539 997 1574 et
1011 1529 1055 1573 in
1076 1528 1239 1574 coelum
1261 1530 1464 1576 ascensio.
1493 1530 1718 1594 Scriptum

336 1618 397 1654 est
428 1617 567 1651 autem
601 1605 645 1649 in
684 1599 915 1659 Evangelio
944 1600 1048 1643 κατὰ
1078 1601 1236 1644 Ιωάννιν
1274 1616 1284 1642 :
1315 1599 1543 1661 «Spiritus
1577 1612 1718 1648 autem

337 1700 357 1720 »
384 1675 579 1723 nondum
605 1682 695 1718 erat
718 1670 861 1723 datus,
889 1668 990 1730 quia
1014 1669 1137 1712 Jesus
1160 1667 1354 1712 nondum
1386 1679 1476 1713 erat
1500 1668 1717 1717 clarifica-—

337 1771 357 1791 ‚2
384 1747 498 1793 tus2.
520 1768 540 1787 »
559 1745 603 1789 Si
625 1758 724 1801 ergo
746 1749 976 1803 propterea
995 1737 1189 1782 nondum
1206 1747 1296 1782 erat
1314 1737 1457 1792 datus,
1474 1739 1574 1801 quia
1594 1740 1716 1787 Jesus

334 1818 528 1865 nondum
559 1824 648 1860 erat
672 1810 953 1863 clarificatus,
978 1807 1217 1852 clarificato
1243 1811 1342 1853 ,Iesu
1368 1809 1603 1855 necessario
1621 1821 1711 1857 sta-

334 1892 411 1936 tim
432 1889 558 1934 datus
577 1896 651 1931 est.
673 1884 728 1928 Et
747 1890 927 1944 propter
942 1878 1079 1939 ipsam
1100 1877 1311 1936 genuinam
1333 1878 1519 1923 clarifica
1529 1879 1704 1936 tionem,

331 1958 568 2008 seeundum
593 1952 815 2000 hominem
841 1959 883 1993 et
903 1946 1142 1992 secundum
1168 1948 1327 2001 Deum,
1352 1947 1418 1991 bis
1435 1947 1562 1993 etiam
1581 1948 1707 1996 datus

327 2042 389 2077 est
414 2028 602 2093 Spiritus
623 2032 797 2069 sanetus
824 2037 834 2064 :
860 2016 988 2064 semel
1007 2053 1017 2071 ‚
1046 2027 1277 2079 postquam
1303 2018 1529 2062 resurrexit.
1550 2036 1571 2062 a
1595 2036 1708 2065 mor⁴

328 2104 432 2151 tuis.
468 2116 568 2147 cum
601 2090 831 2141 insufflavit
868 2090 912 2134 in
949 2087 1103 2133 faeiem
1132 2086 1486 2148 Discipulormn,
1527 2087 1701 2135 dicens:

332 2196 351 2215 «
379 2170 574 2233 Accipite
605 2162 817 2227 Spiritum
854 2156 1096 2203 sanctumss.
1127 2155 1227 2200 »Et
1252 2155 1432 2213 iterum,
1473 2168 1705 2222 postquam

331 2240 522 2290 aseendit
538 2239 583 2283 in
602 2233 782 2284 coelum,
806 2228 954 2274 decem
974 2226 1127 2272 diebus
1150 2226 1402 2272 transactis4
1422 2244 1432 2271 t
1457 2227 1532 2290 qui
1554 2244 1703 2274 nume-

326 2330 399 2360 rus
420 2306 727 2375 perfectionem
750 2299 988 2358 signifieat3
1015 2312 1116 2341 eum
1138 2296 1377 2358 septenario
1395 2312 1592 2351 numero,
1614 2314 1702 2361 quo

327 2382 503 2429 condita
523 2376 720 2422 universa
745 2369 1002 2422 consistunt,
1030 2364 1205 2411 additur
1230 2365 1418 2410 Trinitas
1443 2365 1693 2416 conditoris.

326 2456 390 2500 De
406 2450 567 2515 quibus
588 2446 716 2491 rebus
734 2442 843 2486 inter
862 2437 1073 2501 spiritales
1096 2437 1208 2482 viros
1230 2437 1299 2498 pie
1328 2446 1538 2499 cauteque
1562 2436 1700 2484 multa

325 2531 580 2570 tractantur.
621 2512 705 2560 Sed
741 2527 817 2571 ego
854 2528 877 2554 a
911 2507 1135 2572 proposito
1171 2521 1258 2550 non
1291 2505 1699 2570 recedamzsuscepi

373 2614 381 2633 ι
399 2616 468 2642 Act.
491 2620 527 2639 ιι.
553 2608 666 2637 ι-3,--
682 2600 726 2632 2J
744 2611 804 2631 2311.
823 2610 884 2641 xit,
905 2599 956 2637 39.
974 2614 1014 2620 --
1031 2593 1045 2616 3
1062 2595 1098 2626 ld
1127 2605 1177 2634 xx,
1195 2596 1250 2628 23,
1269 2612 1307 2619 -—
1326 2592 1341 2616 4
1361 2597 1433 2628 Aet.
1452 2606 1492 2640 ιι,
1513 2606 1546 2630 2.
