1795 3253
338 299 395 345 26
743 313 778 344 s.
822 313 1064 345 Aucusrrm
1100 313 1303 345 Erxscort

336 379 424 424 sine
446 378 636 443 quodam
673 379 794 439 gravi
818 380 1086 426 auctoritatis
1112 379 1294 443 imperio
1322 378 1421 426 iniri
1451 391 1564 427 reete
1587 379 1708 427 nullo

338 461 466 513 pacto
488 461 637 513 potent.

403 522 547 567 xxti.
590 521 671 567 Sed
696 521 855 584 quaeris
892 520 1065 566 sortasse
1106 521 1169 566 vel
1201 521 1253 566 de
1276 521 1363 566 hoe
1387 521 1481 584 ipzo
1508 521 1700 585 aliquam

333 592 527 654 :arripere
552 593 784 637 rationem.
814 609 898 654 qua
922 592 1000 636 tibi
1031 592 1359 654 persuadeatur,
1389 609 1474 637 non
1494 593 1614 656 prius
1637 610 1710 639 ra-

332 662 588 727 tionequam
615 663 698 709 tide
728 674 765 708 te
785 681 869 708 esse
891 663 1153 709 docendum.
1200 662 1332 720 Quod
1356 663 1479 708 faeile
1499 674 1655 727 potest,
1676 664 1710 710 si

335 733 464 778 modo
495 751 667 798 aquum
708 745 744 779 te
771 734 984 797 praebeas.
1027 734 1109 779 Sed
1142 745 1185 779 ut
1219 734 1447 780 commode
1479 736 1578 790 slat,
1612 734 1710 781 volo

335 804 455 866 quasi
480 805 1027 867 respondeasiuterrogsmti
1049 822 1059 850 :
1080 816 1119 850 et
1141 806 1279 868 [trimo
1296 805 1416 851 dieas
1432 806 1560 855 mihi.
1579 823 1712 870 quare

338 874 416 920 tibi
442 874 639 920 tideatur
669 893 755 921 nou
781 894 866 921 esse
891 875 1171 922 eredendum.
1215 875 1345 933 Quod
1385 876 1474 939 ipsa
1494 913 1504 930 ,
1540 876 1707 939 inquis,

334 944 591 1001 credulitas,
619 965 640 991 a
666 964 751 1010 qua
780 946 944 992 creduli
966 947 1270 1001 nominantur,
1305 946 1459 991 vitium
1485 946 1710 1010 quoddam

337 1015 442 1061 milti
464 1016 761 1062 videturesse:
787 1017 978 1080 alioquin
1005 1017 1090 1061 hoe
1114 1034 1270 1062 nomen
1296 1034 1383 1061 non
1404 1034 1484 1080 pro
1512 1017 1712 1063 convicio

335 1085 552 1145 objectare
577 1087 822 1134 soleremus.
858 1088 963 1132 Nam
994 1087 1026 1132 si
1065 1088 1324 1150 suspiciosus
1354 1087 1397 1132 in
1419 1087 1524 1133 vitio
1551 1097 1644 1144 est,¹
1664 1105 1713 1134 eo

331 1155 448 1219 quod
471 1174 556 1202 non
580 1169 801 1221 comperta
825 1159 1094 1219 suspicatur:
1123 1169 1288 1220 quanto
1315 1158 1446 1218 magis
1474 1157 1679 1204 credulus
1698 1196 1709 1215 ,

334 1228 409 1289 qui
431 1227 515 1272 hoe
535 1246 556 1273 a
582 1229 817 1291 suspicioso
832 1228 997 1276 differt.
1020 1229 1139 1293 quod
1162 1229 1230 1274 itte
1250 1229 1481 1288 incognitis
1501 1228 1709 1292 aliquam,

335 1297 411 1343 iste
433 1298 595 1344 nullam
633 1300 787 1345 tribuit
805 1299 1141 1347 dubitationem.
1190 1300 1366 1345 Interim
1399 1299 1569 1363 accipio
1599 1299 1713 1346 hanc

334 1369 580 1431 opinionem
599 1387 647 1416 ae
663 1369 997 1417 distinctionem.
1019 1370 1101 1415 Sed
1123 1371 1204 1416 seis
1229 1371 1356 1416 etiam
1382 1371 1599 1416 curiosum
1626 1387 1715 1416 non

336 1456 410 1484 nos
437 1439 567 1485 solere
584 1440 804 1503 appellare
825 1442 914 1487 sine
939 1441 1166 1493 comieio3
1199 1441 1438 1486 studiosum
1458 1457 1559 1486 vero
1583 1441 1713 1486 etiam

337 1526 436 1554 eum
466 1509 607 1556 laude.
633 1511 932 1567 Quamobrem
957 1511 1145 1565 attende‚
1167 1512 1201 1557 si
1226 1511 1395 1574 piacet,
1438 1511 1565 1557 etiam
1604 1511 1716 1557 inter

339 1579 435 1625 ltaee
459 1579 547 1627 duo
571 1581 679 1644 quid
717 1581 795 1627 tibi
819 1581 975 1627 distare
995 1581 1207 1628 videatur.
1243 1581 1292 1626 ld
1315 1592 1429 1626 certe
1457 1580 1711 1644 respondes,

334 1650 450 1712 quod
475 1651 672 1714 quamvis
698 1662 878 1715 uterque
898 1662 1219 1711 agaturmagna
1232 1650 1474 1714 cupiditate
1486 1651 1709 1707 noscendi,

337 1721 530 1767 curiosus
555 1732 695 1768 tamen
729 1739 776 1768 ea
820 1722 1030 1786 requirit,
1059 1739 1159 1785 quae
1184 1722 1296 1768 nihil
1333 1722 1387 1768 ad
1413 1739 1454 1768 se
1493 1722 1711 1768 attinent:

337 1791 553 1839 studiosus
572 1804 714 1840 autem
745 1804 892 1839 contra
913 1831 924 1849 ‚
946 1811 1046 1858 quae
1071 1793 1124 1840 ad
1154 1810 1240 1840 sese
1273 1793 1473 1850 attinent,
1512 1793 1709 1858 requirit.

341 1862 423 1908 Sed
448 1864 550 1926 quia
576 1881 661 1909 non
684 1881 886 1924 negamus
911 1864 964 1909 ad
993 1864 1214 1910 hominem
1237 1863 1452 1927 pertinere
1485 1867 1716 1924 conjugem

341 1949 388 1978 ac
408 1932 565 1980 liberos
587 1944 630 1979 et
652 1951 804 1981 eorum
822 1934 999 1980 salutem
1019 1954 1029 1987 3
1052 1934 1085 1979 si
1099 1934 1318 1998 quispiam
1339 1951 1515 1998 peregre
1527 1934 1712 1998 positus,

339 2003 711 2066 quemadmodum
752 2003 924 2050 valeant
970 2021 1020 2050 ac
1049 2020 1134 2049 sese
1160 2015 1290 2064 agant
1310 2021 1383 2050 sua
1406 2008 1566 2064 conjux
1591 2021 1639 2050 ac
1658 2004 1718 2050 li-

338 2074 430 2120 beri
447 2111 457 2126 ,
481 2092 629 2120 omnes
655 2076 928 2122 advenientes
947 2075 1096 2121 sedulo
1124 2086 1420 2139 percontetur,
1448 2093 1600 2136 magna
1623 2075 1716 2121 uti-

341 2161 424 2207 que
444 2144 624 2193 ducitur
637 2145 878 2209 eupiditate
903 2145 1135 2191 noscendi:
1163 2156 1205 2191 et
1226 2157 1366 2192 tamen
1398 2146 1520 2192 hunc
1545 2146 1718 2192 studio-

341 2232 432 2260 sum
457 2232 541 2261 non
561 2217 866 2281 vocamus,qui
887 2227 928 2262 et
953 2233 1211 2279 magnopere
1231 2217 1337 2262 scire
1356 2216 1474 2272 vult,
1491 2227 1533 2262 et
1555 2233 1600 2262 ea
1617 2233 1719 2279 quae

342 2285 396 2331 ad
422 2303 464 2331 se
492 2287 670 2333 maxime
698 2288 925 2351 pertinent.
953 2288 1200 2349 Quarejam
1220 2288 1420 2348 intelligis
1448 2305 1497 2333 eo
1517 2287 1720 2334 vacillare

343 2357 464 2402 istam
484 2356 777 2404 definitionem
800 2358 1004 2413 studiosi,
1031 2359 1151 2423 quod
1187 2359 1326 2404 omnis
1342 2358 1518 2422 quidem
1543 2358 1719 2404 studio·

346 2444 414 2473 sus
431 2446 477 2473 ea
503 2445 620 2474 nosse
644 2429 738 2474 vult
755 2446 855 2492 quae
881 2428 932 2475 ad
953 2447 994 2474 se
1031 2430 1262 2493 pertinent,
1306 2446 1391 2475 non
1419 2440 1558 2475 tamen
1580 2429 1720 2475 omnis

345 2499 418 2561 qui
445 2498 486 2543 id
517 2499 602 2559 agit
622 2499 838 2545 studiosus
863 2500 1086 2546 vocandus
1108 2511 1169 2545 est
1188 2520 1199 2554 ;
1219 2499 1290 2546 sed
1314 2500 1347 2545 is
1370 2500 1446 2564 qui
1469 2517 1516 2546 ea
1540 2516 1641 2564 quae
1661 2499 1716 2546 ad

345 2569 535 2614 animum
563 2569 842 2616 nutriendum
878 2570 1110 2617 liberaliter
1135 2582 1263 2637 atque
1295 2570 1540 2618 ornandum
1578 2571 1720 2635 perti-

352 2651 475 2697 nent²
501 2641 555 2687 im
566 2642 810 2706 pensissime
835 2643 1030 2706 requirit,
1054 2654 1197 2690 tamen
1230 2642 1471 2690 studentem
1499 2655 1612 2692 recte
1637 2661 1720 2708 ap-
