1795 3253
352 257 436 319 17ss
751 267 784 297 s.
830 266 1071 298 Anausruvi
1109 265 1310 297 ermom

345 337 463 405 quod
495 337 551 385 ait
574 333 830 400 Apostolus:
865 334 1011 394 «Regi
1047 345 1185 382 autem
1230 336 1488 385 saeeulorum
1514 336 1720 386 invisibili
1769 302 1772 379 l

343 412 518 456 »honor
533 407 677 453 etlaus
692 405 940 453 insaem1la1.
962 428 980 446 »
1005 406 1049 451 lu
1070 423 1154 469 qua
1178 408 1415 469 qutrstione
1436 409 1720 472 quaerendum

343 491 420 535 est,
448 478 554 543 quid
587 478 623 522 ei
645 477 782 522 visum
811 476 930 521 suerit
954 514 963 524 .
991 476 1057 521 vel
1095 478 1134 521 iu
1160 476 1233 521 illa
1266 477 1428 524 visione
1452 480 1576 525 lsa'i'ae
1598 479 1721 526 binas

342 550 429 596 alas
454 548 779 612 praetermittere
796 583 805 602 ,
825 547 987 609 quihus
1011 546 1219 591 ‘volabaut
1235 548 1485 610 Seraphim,
1502 549 1716 595 dicentes:

342 640 363 661 >³
389 620 420 667 S
437 630 591 673 uictus,
621 619 822 673 Sanetus,
857 618 1039 662 Sanetus
1067 617 1279 662 Dominus
1305 619 1419 664 Deus
1441 618 1635 664 Sabaoth
1658 636 1669 664 :
1701 639 1720 660 »

1779 202 1792 279 1

1781 327 1795 404 l

1786 420 1795 481 ¹.

1787 493 1795 528 1

342 689 409 736 vel
452 690 493 734 iu
523 687 714 752 Apostoli
746 687 888 733 verbis
923 705 1008 732 11011
1036 698 1175 732 totum
1206 686 1361 734 dicere.
1394 689 1502 734 Nam
1530 690 1589 734 ita
1613 688 1720 734 dicit

343 759 604 822 Apostolus:
633 779 651 798 <‹
674 758 779 816 Regi
800 767 940 802 autem
969 756 1225 802 saeculorum
1246 757 1470 812 invisibili,
1493 759 1721 822 incorrup-
1782 765 1783 807 l

342 852 362 872 >³
390 830 519 877 tibili.
546 830 622 874 soli
657 831 741 873 Deo
770 828 910 873 honor
932 839 971 873 et
993 828 1127 887 gloria
1145 828 1188 872 in
1207 829 1364 874 saecula
1394 828 1667 876 speculorum.
1699 850 1720 871 »

339 902 404 946 An
426 899 533 945 forte
554 900 696 944 timuit
711 916 761 943 110
780 898 1004 943 Trinitatis
1018 899 1371 943 commemoratio
1391 899 1726 945 commendaret

339 970 606 1033 Prophetam
638 969 812 1019 lectori,
843 979 883 1013 et
920 968 1083 1031 aliquid
1110 986 1315 1027 maguum
1339 969 1402 1014 ibi
1426 968 1555 1015 latere
1579 970 1725 1033 suspi-
1786 972 1787 977 ’

340 1044 539 1086 caretur?
564 1041 647 1085 Ter
671 1039 784 1085 0111111
810 1038 973 1083 dieitur
997 1055 1007 1082 :
1036 1058 1055 1078 «
1079 1039 1282 1094 Sanctus,
1314 1039 1515 1094 Sanetus,
1543 1039 1725 1086 Sanctus
1788 1045 1790 1066 1

340 1132 360 1152 »
386 1112 600 1156 Dominus
633 1112 747 1155 Deus
791 1109 999 1155 Sabaoth.
1020 1130 1039 1149 »
1078 1110 1125 1153 111
1170 1108 1379 1172 Apostolo
1435 1120 1577 1154 autem
1616 1109 1725 1156 forte

338 1181 476 1236 vidit,
501 1181 619 1244 qnod
642 1181 673 1225 si
693 1180 863 1225 dixisset
882 1197 891 1224 ε
915 1201 933 1219 α
954 1180 1288 1242 Incorruptibili
1307 1181 1398 1224 Deo
1421 1197 1430 1224 :
1450 1202 1468 1221 n
1493 1180 1724 1242 responde-

339 1261 456 1295 retur
492 1250 554 1295 illi
577 1249 696 1313 quod
722 1266 837 1294 nunc
862 1249 952 1293 istis
972 1249 1158 1294 dicimus
1185 1267 1194 1294 ε
1227 1249 1346 1305 Quid
1365 1266 1465 1309 ergo
1487 1250 1724 1314 incorrup-

334 1319 448 1364 tibili
474 1320 564 1365 Deo
587 1320 752 1364 factura
776 1329 864 1364 erat
892 1335 993 1377 gens
1020 1319 1314 1373 tenebrarum,
1341 1320 1374 1363 si
1398 1336 1499 1365 curn
1527 1337 1574 1364 ea
1600 1337 1718 1383 pug—

335 1408 435 1435 nare
455 1390 658 1435 noluisset
682 1407 692 1434 :
726 1392 811 1435 Aut
831 1389 864 1434 si
884 1388 992 1433 forte
1018 1388 1246 1434 mendosos
1263 1388 1433 1434 codices
1449 1390 1624 1449 legerat,
1647 1401 1722 1436 aut

332 1460 410 1505 iste
435 1460 665 1505 mendosus
683 1469 743 1504 est
758 1458 835 1503 ubi
856 1474 933 1503 nos
957 1458 1103 1520 ipsum
1118 1458 1400 1504 Adimantum
1416 1459 1615 1518 legimus,
1632 1476 1720 1507 non

334 1541 396 1575 est
418 1529 580 1575 diutius
611 1529 664 1574 de
688 1547 732 1574 re
756 1528 893 1573 dubia
929 1527 1225 1573 disserendum
1248 1546 1258 1573 :
1298 1528 1371 1574 sed
1387 1533 1475 1588 jam
1508 1546 1719 1593 quaeren-

335 1600 440 1645 dum
478 1611 539 1645 est
567 1598 788 1663 quomodo
821 1608 862 1643 et
895 1598 1121 1660 Propheta
1151 1598 1305 1644 dixerit
1332 1599 1486 1645 vidisse
1513 1617 1554 1644 se
1579 1600 1719 1645 Deum

334 1670 378 1716 111
403 1670 499 1716 sede
526 1670 746 1724 altissima,
771 1679 812 1713 et
837 1668 1054 1731 apostolus
1091 1668 1253 1713 Paulus
1274 1686 1423 1715 verum
1449 1669 1625 1725 dixerit,
1653 1670 1717 1714 in-

333 1740 546 1786 visibilem
568 1741 724 1785 Deum.
760 1740 985 1796 Interrogo
1010 1738 1154 1801 itaque
1175 1739 1276 1783 istos
1314 1749 1460 1784 utrum
1481 1739 1716 1785 invisibilia

332 1810 497 1872 possint
525 1809 734 1872 conspici.
769 1808 815 1853 Si
845 1807 999 1852 dicunt
1019 1825 1160 1869 posse,
1194 1808 1300 1870 quid
1320 1826 1418 1868 ergo
1439 1808 1713 1854 calumnian-

331 1889 419 1935 tur,
442 1879 475 1924 si
512 1880 650 1924 Deum
676 1877 939 1923 invisibilem
963 1878 1185 1940 Propheta
1216 1879 1469 1941 conspexit?
1499 1879 1541 1923 Si
1571 1888 1713 1925 autem

329 1948 482 1995 dicunt
506 1967 591 1995 non
623 1966 770 2012 posse,
806 1947 889 2010 ipsi
930 1948 1137 2010 Apostolo
1179 1949 1323 2011 potius
1363 1949 1708 2005 calumnientur,

329 2019 362 2066 si
397 2019 574 2077 audent,
595 2020 671 2084 qui
692 2019 749 2064 ait
775 2036 784 2063 :
810 2040 829 2059 α
847 2018 1087 2063 Invisibilia
1103 2018 1217 2064 enim
1244 2019 1323 2063 Dei
1348 2036 1370 2064 a
1396 2020 1710 2065 constitutione

328 2111 349 2132 »
374 2090 528 2136 mundi
565 2107 643 2154 per
668 2108 715 2135 ea
739 2105 840 2153 quae
874 2088 987 2134 faeta
1028 2099 1130 2133 suut
1168 2088 1384 2134 intellecta
1430 2090 1708 2152 conspiciun-

327 2183 347 2202 »
373 2172 444 2207 tur
467 2163 499 2208 2.
522 2183 540 2202 υ
570 2163 667 2225 lpse
685 2160 799 2205 enim
822 2159 927 2204 dixit
951 2176 1036 2204 esse
1062 2181 1080 2199 «
1106 2159 1364 2216 Invisibilia,
1393 2181 1412 2200 n
1434 2169 1475 2204 et
1498 2160 1589 2223 ipse
1613 2177 1707 2205 rur-

324 2248 392 2278 sus
418 2231 553 2278 dieit:
579 2253 598 2271 «
619 2231 976 2294 Conspieiuutur.
1005 2252 1023 2271 ›>
1056 2232 1208 2275 Nonne
1235 2230 1308 2275 1110
1333 2241 1550 2290 eoguntur
1573 2229 1696 2276 fateri

323 2303 457 2348 oculis
482 2302 700 2366 corporeis
722 2318 806 2346 0550
826 2301 1077 2357 invisibilia,
1109 2301 1241 2346 menti
1257 2317 1357 2346 vero
1376 2317 1462 2346 esse
1481 2300 1667 2346 visibilia
1687 2304 1705 2346 ἶ)

323 2373 395 2419 Sic
416 2373 547 2433 igitur
569 2383 609 2418 et
636 2371 858 2435 Propheta
892 2372 1055 2427 Deum,
1084 2389 1168 2436 que
1192 2371 1475 2433 corporaliter
1500 2370 1703 2416 invisibi-

316 2442 367 2489 lis
391 2454 467 2501 est,
495 2460 583 2489 non
606 2441 907 2506 corporaliter,
933 2442 1005 2488 sed
1031 2441 1313 2507 spiritualiter
1346 2440 1470 2488 vidit.

365 2552 556 2591 ¹1Tim.1‚
583 2564 635 2593 17,
654 2570 689 2576 -
710 2547 821 2584 2Rom
854 2564 874 2591 1,
898 2562 947 2584 xo.

1792 1172 1794 1221 ἓ

1793 1244 1795 1311 l
