1795 3253
273 312 449 344 CONTRA
485 308 691 343 FAUSTUM
726 309 1029 352 MANICHAEUM,
1068 313 1156 343 Llss.
1201 314 1250 345 ΙΙ.
1361 298 1451 362 239

79 378 156 426 ria.
186 379 298 425 Nam
319 395 399 424 nec
418 383 493 424 aiii
509 377 630 423 fumo
650 386 712 422 est
732 385 870 421 contr·
872 376 972 421 {rius
987 414 996 432 ,
1023 378 1160 424 multo
1183 379 1327 425 minus
1344 397 1454 445 aqua

80 467 236 514 aquas,
259 456 302 495 et
324 459 477 495 ventus
499 459 656 504 vento,
684 454 726 492 et
744 445 855 507 ignis
881 447 982 506 i‹›·.ni

144 521 219 567 1V
261 524 461 565 J'amveio
486 507 559 564 illa
588 518 793 577 Siciilega
819 517 1099 563 deliramenta
1134 522 1232 583 quis
1276 521 1449 579 audiat,

77 590 196 654 quod
220 591 414 654 primum
438 590 658 635 hominem
687 599 877 634 vestrum
896 587 1064 645 dicitis,
1085 590 1325 636 secundum
1347 591 1454 637 hos-

77 661 186 706 tium
205 660 502 716 voluntatem,
528 665 616 723 'quo
636 676 705 705 eos
726 668 925 722 caperet,
953 658 1160 705 elementa
1183 678 1282 724 quae
1305 674 1459 725 porta—

76 730 156 776 bat
174 740 361 776 mutasse
388 739 518 793 atque
539 729 711 776 vertisse
731 766 742 781 ‚
770 738 818 773 ut
836 745 1013 788 regnum
1035 731 1151 793 quod
1177 731 1321 777 dicitis
1337 732 1458 778 falsi-

77 802 202 857 tatis,
225 801 271 846 in
287 808 365 846 sua
390 808 544 846 natura
569 817 747 846 manens
764 837 774 856 ‚
804 816 893 844 non
911 799 1122 846 fallaciter
1145 801 1396 856 dimicaret,
1418 814 1460 849 et

77 872 318 917 substantia
343 871 534 917 veritatis
554 869 778 916 mutabilis
798 880 1057 934 appareret,
1084 880 1131 916 ut
1149 871 1343 919 falleret?
1367 874 1460 920 Hu-

69 946 142 1002 jus
174 943 307 1006 primi
339 942 529 988 hominis
553 942 691 987 filium
729 941 847 987 credi
873 941 1006 988 vultis
1036 943 1272 988 Dominum
1310 945 1458 992 Jesum

77 1013 318 1060 Christum.
347 1013 491 1073 Hujus
515 1013 826 1059 commentitiae
849 1012 1010 1058 fabulae
1031 1013 1164 1058 filiam
1185 1012 1328 1060 dicitis
1346 1017 1461 1061 veri-

76 1093 220 1129 tatem.
267 1083 399 1129 Hun'c
429 1084 624 1146 primum
659 1083 908 1139 hominem,
941 1091 1070 1146 quem
1106 1083 1318 1141 laudatis,
1357 1088 1461 1149 quia

76 1154 367 1201 mutabilibus
404 1154 446 1200 et
478 1154 764 1200 mendacibus
801 1154 949 1200 formis
989 1171 1090 1200 cum
1131 1155 1307 1202 adversa
1337 1168 1461 1217 gente

75 1227 314 1292 pugnavit,
335 1226 369 1271 si
387 1235 535 1272 verum
559 1225 704 1272 dicitis
723 1263 733 1281 ‚
756 1243 843 1271 non
862 1227 1093 1272 imitamini
1118 1244 1127 1272 :
1156 1227 1188 1273 si
1208 1236 1349 1274 autem
1367 1230 1462 1275 imi-

76 1297 254 1354 tamini,
279 1304 321 1342 et
342 1306 418 1361 vos
449 1297 708 1343 mentimini.
753 1298 1035 1361 Quapropter
1068 1299 1277 1344 Dominus
1297 1309 1338 1345 et
1360 1300 1460 1346 Sal-

75 1377 200 1415 vator
221 1378 366 1414 noster
392 1368 514 1413 Jesus
542 1368 744 1414 Christus
762 1405 773 1424 ‚
809 1375 935 1414 Verus
966 1379 1007 1414 et
1035 1385 1159 1414 verax
1193 1370 1272 1415 Dei
1299 1370 1458 1428 Filius,

75 1448 200 1486 verus
222 1448 264 1484 et
282 1456 409 1485 verax
430 1438 619 1484 hominis
642 1438 758 1484 filius
778 1476 788 1494 ‚
827 1439 946 1503 quod
973 1450 1208 1502 utrumque
1232 1441 1285 1486 de
1305 1458 1346 1487 se
1367 1442 1460 1506 ipse

75 1520 281 1566 testatur,-
309 1519 351 1555 et
379 1508 433 1555 de
463 1526 563 1555 vero
594 1511 681 1554 Deo
714 1509 964 1556 Divinitatis
995 1512 1280 1557 {eternitatem
1298 1549 1309 1568 ‚
1341 1523 1381 1558 et
1407 1513 1460 1559 de

75 1597 177 1627 Vero
197 1581 372 1627 homine
391 1581 532 1627 carnis
556 1581 765 1640 originem
788 1580 924 1628 duffii.
952 1582 1049 1627 Non
1067 1583 1187 1628 novit
1213 1583 1461 1647 Apostolica

75 1652 275 1698 doctrina
310 1652 503 1716 primum
536 1652 759 1698 hominem
792 1661 996 1699 vestrum.
1032 1653 1192 1700 Audite
1216 1655 1460 1718 apostolum

76 1723 261 1768 Paulum
288 1740 299 1767 ε
328 1724 539 1765 «Primus
578 1723 741 1774 homo,
782 1723 955 1784 inquit,
996 1723 1050 1764 de
1090 1729 1201 1766 terra
1234 1731 1454 1779 terrenus,

76 1813 98 1834 ))
119 1791 333 1837 secundus
350 1791 484 1836 homo
511 1790 563 1836 de
582 1790 695 1835 coelo
715 1789 914 1837 coelestis.
945 1790 1097 1847 Qualis
1122 1801 1334 1849 terrenus,
1356 1794 1460 1851 tales

77 1883 98 1904 ›>
116 1873 159 1908 et
178 1863 335 1908 terreni
357 1880 367 1907 :
391 1861 530 1925 qualis
548 1861 738 1907 coelestis
752 1899 762 1916 ‚
788 1861 889 1907 tales
907 1870 948 1906 et
966 1861 1173 1909 coelestes.
1207 1863 1330 1909 Siout
1353 1883 1461 1929 por-

76 1955 97 1976 »
118 1934 303 1980 tavinius
327 1933 557 1994 imaginem
577 1933 761 1988 terreni,
790 1939 1014 1995 portemus
1045 1940 1087 1978 et
1114 1933 1347 1994 imaginem
1372 1941 1463 1997 ejus

78 2025 99 2046 >)
121 2005 197 2068 qui
221 2004 276 2050 de
294 2004 409 2050 coelo
437 2014 498 2049 est
513 2003 546 2051 4.
571 2026 591 2045 >2
612 2003 786 2048 Primus
804 2004 950 2067 itaque
967 2003 1099 2049 homo
1118 2004 1171 2049 de
1189 2015 1299 2051 terra
1327 2017 1461 2053 terre-

75 2092 157 2121 nus
173 2113 184 2131 ,
210 2075 280 2121 ille
304 2075 442 2121 Adam
465 2075 517 2120 de
537 2075 642 2120 limo
662 2074 873 2120 formatus
895 2091 905 2119 :
928 2075 1143 2121 secundus
1165 2087 1308 2122 autem
1329 2078 1463 2125 homo

77 2145 130 2191 de
154 2146 269 2193 coelo
293 2146 505 2200 coelestis,
543 2146 755 2190 Dominus
778 2145 901 2190 <lesus
935 2145 1164 2200 Cliristus3
1204 2148 1306 2210 quia
1336 2149 1464 2196 Filius

78 2218 160 2264 Dei
176 2218 295 2264 venit
315 2218 369 2264 ad
394 2234 567 2263 carnem
589 2255 599 2273 ‚
627 2233 712 2280 qua
734 2226 933 2280 suscepta
960 2227 1002 2262 et
1026 2217 1160 2263 homo
1178 2220 1360 2265 exterius
1386 2223 1466 2267 fie-

78 2299 165 2345 ret,
191 2297 233 2335 et
256 2290 368 2334 Deus
405 2288 582 2333 interius
618 2296 918 2351 permanerem
957 2298 1063 2333 utet
1093 2288 1225 2334 Filius
1245 2290 1326 2335 Dei
1345 2309 1469 2338 verus

80 2369 186 2406 esset
204 2377 282 2424 per
296 2366 427 2424 quem
444 2358 549 2405 facti
573 2374 721 2404 sumus
738 2396 748 2413 ‚
771 2364 814 2403 et
835 2358 1027 2404 hominis
1056 2359 1171 2405 filius
1196 2378 1320 2407 verus
1350 2363 1470 2409 fieret

79 2442 160 2494 per
182 2448 313 2494 quem
330 2430 477 2476 refecti
503 2446 664 2476 sumus,
694 2429 786 2475 Cur
803 2436 902 2489 ergo
924 2430 1118 2493 primum
1136 2431 1358 2478 hominem
1379 2451 1469 2480 ves-

80 2510 198 2547 trum
225 2502 574 2547 commentitium
600 2501 744 2546 nescio
771 2501 886 2546 unde
907 2501 1151 2564 producitis
1170 2539 1179 2557 ‚
1207 2513 1248 2548 et
1278 2504 1470 2566 primum

82 2571 309 2617 hominem
348 2589 477 2635 quem
517 2571 718 2618 doctrina
767 2572 1019 2635 Apostolica
1055 2571 1182 2618 docet
1217 2590 1305 2619 non
1341 2575 1472 2622 vultis

133 2654 143 2676 ¹
166 2666 177 2685 1
196 2655 272 2690 Cor.
289 2665 340 2695 xv,
358 2657 481 2695 47-50.
