1795 3253
244 312 420 346 CONTRA
455 314 658 347 FAUSTUM
693 314 996 354 MANICHAEUM,
1036 315 1124 346 LlB.
1168 315 1237 346 111.
1348 299 1440 360 249

117 380 477 445 V.Quapropter,
496 382 703 445 quoniam
718 380 764 427 id
774 380 893 444 quod
913 382 1121 426 Faustum
1137 379 1441 440 degeneratio-

67 469 175 500 num
200 451 449 498 diversitate
472 453 714 516 permovit,
742 453 843 515 quia
864 452 908 497 in
938 451 1112 497 duobus
1144 451 1344 515 patribus
1367 450 1440 495 in-

70 521 311 583 telligendis
332 522 407 568 hic
429 523 569 569 nodus
587 534 679 569 erat
697 561 708 579 ,
730 522 949 569 intellecta
969 533 1125 568 natura
1147 533 1188 568 et
1209 521 1443 585 adoptione

70 593 258 639 solutum
282 603 344 638 est
358 630 368 649 ‚
395 592 555 639 frustra
581 611 622 639 se
643 593 781 640 voluit
803 593 858 638 ad
880 592 990 638 duos
1018 593 1312 653 Evangelistas
1332 609 1441 637 con-

69 664 178 710 ferre
196 701 207 720 ,
236 673 277 710 et
299 664 357 709 ab
388 664 480 710 aliis
503 664 678 711 duobus
702 664 868 711 auferre
909 682 919 709 t
953 664 1089 723 magis
1122 665 1360 710 offensurus
1390 662 1443 708 ad

70 751 178 798 quos
195 751 237 780 se
255 734 503 781 contulisset
522 773 534 792 ,
561 753 692 799 quam
716 752 787 781 eos
820 753 843 781 a
873 734 1037 799 quibus
1062 735 1320 780 abstulisset.
1347 733 1446 779 Non

70 804 186 851 enim
212 815 358 850 amant
389 806 526 851 sancti
558 823 656 852 suos
688 806 923 862 electores,
959 805 994 850 si
1030 821 1205 851 suorum
1230 805 1445 851 sociorum

70 892 141 921 eos
163 876 406 922 invenerint
437 876 683 924 desertores.
732 878 906 923 Unitate
941 876 1057 922 enim
1082 875 1301 936 gaudent,
1329 886 1370 921 et
1401 875 1447 921 in

72 946 249 992 Christo
269 963 407 992 unum
426 958 527 993 sunt
548 965 558 993 ε
586 959 628 994 et
647 949 682 994 si
706 948 814 995 alius
834 946 952 994 aliud
968 985 979 1003 ,
1010 957 1052 993 et
1069 947 1177 993 alius
1203 946 1321 992 aliud
1341 967 1352 1000 ;
1372 956 1447 992 aut

70 1016 178 1063 alius
196 1017 335 1075 aliter,
358 1028 400 1064 et
422 1018 529 1065 alius
554 1019 701 1074 aliter3
725 1038 826 1066 vera
843 1030 989 1065 tamen
1008 1034 1156 1064 omnes
1175 1017 1346 1074 dicunt,
1368 1034 1447 1063 nec

69 1087 154 1134 sibi
175 1087 264 1133 ullo
284 1088 416 1135 modo
439 1090 657 1136 contraria
675 1128 685 1146 ,
710 1091 744 1136 si
767 1091 866 1154 pius
882 1089 1020 1136 lector
1045 1088 1223 1135 accedat
1244 1125 1254 1143 ,
1283 1088 1317 1134 si
1334 1087 1450 1133 mitis

71 1158 201 1219 legat,
224 1160 259 1205 si
276 1177 364 1206 non
377 1160 586 1206 haeretico
601 1162 745 1208 animo
763 1161 878 1207 unde
899 1161 1076 1216 rixetur,
1097 1159 1171 1205 sed
1191 1159 1308 1205 fideli
1321 1158 1452 1205 corde

74 1229 189 1276 unde
213 1230 473 1288 aedificetur,
499 1231 706 1295 inquirat.
735 1232 834 1278 Jam
863 1248 963 1291 ergo
979 1269 990 1287 ‚
1019 1230 1227 1295 quoniam
1254 1229 1451 1290 singulo-

73 1317 172 1347 rum
197 1311 374 1364 patrum
395 1303 709 1362 generationes,
737 1319 845 1366 quos
869 1312 917 1348 ut
940 1318 1051 1347 unus
1072 1300 1207 1346 homo
1234 1299 1343 1346 duos
1365 1299 1451 1345 ha-

73 1371 213 1428 beret,
232 1390 320 1418 non
333 1383 394 1418 est
415 1373 471 1418 ab
488 1373 683 1420 humano
695 1390 845 1434 genere
875 1372 1078 1429 alienum,
1095 1371 1283 1431 singulos
1302 1372 1452 1416 Evan-

75 1443 243 1504 gelistas
260 1444 496 1490 narrandas
511 1445 742 1508 suscepisse
762 1443 1045 1499 credidimus,
1057 1459 1146 1488 non
1161 1452 1221 1487 est
1235 1460 1256 1487 a
1275 1441 1454 1487 veritate

76 1525 225 1561 nostra
243 1515 349 1562 fides
370 1516 522 1563 aliena.
563 1517 809 1573 Quocirca,
841 1516 953 1561 inter
983 1531 1024 1560 se
1042 1517 1133 1574 jam
1171 1512 1452 1573 Evangelistis

77 1586 436 1632 convenientibus
456 1625 468 1644 ,
492 1588 605 1632 sicut
631 1588 811 1632 Faustus
832 1585 1032 1650 promisit
1051 1622 1062 1642 ,
1092 1594 1330 1647 utcumque
1353 1600 1455 1629 suc-

78 1657 287 1704 cumbite.

148 1727 302 1774 VLAn
323 1727 433 1774 illud
453 1728 572 1793 quod
592 1728 806 1788 adjunxit,
819 1745 895 1775 vos
914 1737 1057 1773 movet
1078 1726 1247 1773 adhuc?
1262 1747 1282 1768 c<
1296 1725 1460 1782 Quam-

78 1798 143 1844 vis
164 1814 244 1843 nec
267 1798 327 1844 sic
353 1798 552 1863 quidem,
573 1798 734 1862 inquit,
753 1798 935 1859 dignum
962 1798 1061 1854 erit,
1089 1815 1137 1842 ex
1162 1807 1282 1842 utero
1306 1807 1459 1841 natum

79 1868 251 1915 credere
273 1869 429 1926 Deum,
447 1880 488 1916 et
506 1870 648 1916 Deum
665 1870 1060 1915 Christianorum.»
1076 1868 1210 1925 Quasi
1223 1884 1299 1913 nos
1316 1867 1457 1930 ipsam

81 1938 273 1986 divinam
307 1950 509 1987 naturam
534 1958 580 1986 ex
613 1939 807 1986 foeminae
839 1951 961 1986 utero
997 1939 1176 1985 extitisse
1210 1937 1450 1983 credamus

81 2010 237 2056 Nonne
260 2011 390 2056 modo
423 2011 762 2057 commemoravi
798 2011 995 2075 Apostoli
1032 2009 1349 2064 testimonium,
1380 2007 1458 2053 ubi

82 2080 142 2126 ait
164 2080 390 2126 deJudaeis
411 2098 421 2126 ε
445 2103 465 2122 «
484 2081 684 2137 Quorum
709 2092 854 2145 patres
871 2119 882 2136 ,
917 2092 959 2127 et
994 2099 1041 2127 ex
1072 2080 1234 2144 quibus
1259 2078 1458 2124 Christus

83 2171 104 2192 »
129 2150 369 2196 secundum
393 2168 564 2197 carnem
580 2189 590 2207 ‚
617 2152 691 2215 qui
709 2162 770 2197 est
789 2169 918 2216 super
947 2151 1093 2197 omnia
1112 2153 1227 2196 Deus
1245 2148 1458 2195 benedic-

83 2242 104 2264 »
131 2231 200 2267 tus
234 2221 279 2267 in
314 2221 532 2268 saeculaw
552 2245 571 2264 ›)
599 2223 801 2269 Christus
825 2241 925 2284 ergo
963 2222 1177 2268 Dominus
1199 2232 1240 2266 et
1261 2220 1460 2266 Salvator

82 2302 226 2338 noster
249 2292 383 2338 Filius
411 2293 491 2338 Dei
514 2309 641 2339 verus
659 2294 897 2340 secundum
928 2293 1199 2340 divinitatem
1216 2329 1227 2348 ,
1261 2301 1302 2337 et
1345 2289 1460 2336 filius

83 2362 274 2409 hominis
291 2379 415 2408 verus
429 2363 668 2409 secundum
688 2382 861 2411 carnem
880 2402 890 2421 ,
914 2382 1003 2409 non
1024 2381 1071 2408 ex
1094 2381 1142 2409 eo
1160 2361 1279 2426 quod
1304 2372 1367 2407 est
1383 2377 1461 2405 su-

85 2449 163 2496 per
186 2432 331 2478 omnia
360 2434 474 2478 Deus
510 2434 766 2480 benedictus
789 2435 835 2480 in
855 2434 1013 2480 saecula
1045 2451 1093 2480 ex
1121 2432 1303 2479 foemina
1336 2441 1461 2476 natus

86 2514 148 2549 est
165 2540 177 2560 ‚
198 2502 272 2549 sed
291 2520 339 2548 ex
356 2503 430 2549 illa
448 2504 701 2551 infirmitate
726 2523 859 2570 quam
881 2505 1072 2569 suscepit
1096 2522 1142 2550 ex
1165 2503 1291 2549 nobis
1306 2539 1316 2559 ,
1347 2511 1395 2547 ut
1416 2501 1462 2547 in

86 2592 135 2620 ea
152 2584 388 2620 moreretur
405 2592 486 2639 pro
507 2576 633 2623 nobis
653 2613 663 2634 ,
687 2587 730 2622 et
753 2594 847 2623 eam
866 2586 1035 2623 sanaret
1057 2576 1101 2622 in
1120 2573 1248 2621 nobis
1275 2590 1285 2618 :
1308 2589 1398 2618 non
1415 2589 1462 2618 ex

136 2656 146 2679 ¹
166 2660 258 2689 Rom.
275 2668 320 2700 tx,
340 2658 370 2688 5.
