1795 3253
332 224 422 269 :⁶2:38³
762 238 793 266 s.
839 235 1078 264 At'Gtss'smt
1120 236 1318 267 Episcopi

331 304 554 352 moriendo
579 314 619 348 et
651 301 912 347 rruiatstteiltlo
944 301 1093 348 saltem
1123 303 1439 364 perintervalla
1464 315 1709 368 temporum

330 393 417 421 sua),
449 374 548 420 xitae
575 373 723 419 ltetitia
748 372 1006 418 fruerentur.
1037 373 1151 417 Deus
1172 383 1343 429 autem,
1368 375 1539 437 qualem
1564 376 1710 421 omni-

328 459 550 513 potentem
568 447 870 509 optimumque
890 445 1153 498 describitis,
1182 447 1225 491 in
1253 457 1463 492 a-‘ternum
1486 458 1526 493 et
1552 448 1712 494 alienos

331 518 522 565 eradicat
549 529 589 562 et
610 534 707 562 suos
740 516 949 569 damnat3
974 526 1015 560 et
1041 515 1160 577 quod
1194 516 1460 562 mirabiliore
1496 517 1712 565 dementia

331 590 549 641 creditur,
580 589 641 650 Il)
658 587 693 632 le
727 585 928 632 animalia
959 603 1031 632 sua
1054 586 1176 632 lecdit
1210 587 1251 632 in
1280 605 1426 650 pugna
1455 605 1529 634 sua
1549 626 1560 645 ‚
1597 590 1712 635 Deus

329 661 523 707 membra
543 676 616 704 sua
641 658 766 721 punit
781 657 825 703 in
843 657 1022 702 victoria
1038 658 1256 714 sua.Quid
1274 669 1351 714 est,
1369 659 1469 705 Vani
1492 659 1710 706 homines?

331 729 794 794 Nemperecordamini
818 728 950 773 verba
976 728 1120 772 Fausti
1142 727 1195 773 de
1216 729 1305 773 Deo
1329 740 1533 793 tanquam
1558 729 1611 775 de
1633 747 1712 776 an-

331 802 486 856 tidoto,
503 811 543 846 et
558 800 669 863 Hyle
690 810 895 862 tanquam
912 816 1078 845 veneno
1102 816 1112 843 z
1133 816 1233 844 ecce
1253 799 1352 862 plus
1374 811 1501 846 nocet
1521 811 1712 848 vestrum

328 872 571 919 antidotum
592 887 722 934 quam
739 887 966 915 venenum.
996 869 1223 932 Numquid
1249 870 1362 933 Hyle
1383 881 1470 916 tam
1492 871 1711 918 horrendo

332 943 462 1004 globo
481 943 523 988 in
546 952 754 987 {eternum
774 977 784 996 ‚
813 939 881 985 vel
902 940 1040 984 Deum
1061 939 1333 996 includeret,
1363 940 1430 986 vel
1453 959 1527 987 sua
1549 942 1712 988 viscera

329 1014 516 1074 affigeret
544 1031 555 1058 ε
582 1023 623 1058 et
644 1010 762 1074 quod
787 1010 1030 1056 sceleratius
1049 1021 1133 1066 est,
1158 1011 1450 1057 calumniatur
1468 1011 1626 1058 eisdem
1649 1029 1712 1058 re-

325 1084 472 1147 liquiis
487 1121 496 1139 ‚
515 1100 567 1128 ne
583 1081 784 1127 defecisse
797 1080 1015 1136 videatur,
1029 1080 1147 1143 quod
1158 1099 1225 1126 eas
1237 1098 1424 1144 purgare
1440 1099 1527 1127 non
1544 1083 1703 1146 potuit.

327 1156 449 1203 Dicit
468 1154 581 1199 enini
603 1151 876 1197 Manichacus
893 1152 937 1196 in
962 1151 1143 1214 epistola
1169 1151 1602 1209 1⁴'undamenti‚ideo
1617 1152 1712 1213 dig-

327 1244 402 1272 nas
421 1225 514 1271 illas
536 1224 698 1270 animas
720 1221 810 1267 fieri
830 1221 904 1266 tali
921 1221 1158 1285 supplicio,
1175 1222 1293 1285 quod
1308 1240 1448 1268 errare
1467 1240 1507 1268 se
1527 1241 1548 1268 a
1566 1223 1712 1287 priore

326 1296 472 1343 lucida
496 1312 570 1340 sua
595 1304 748 1338 natura
775 1309 915 1355 passae
942 1302 1042 1337 sunt
1063 1329 1074 1348 ‚
1098 1303 1138 1337 et
1166 1292 1356 1339 inimicae
1381 1292 1537 1339 lumini
1559 1303 1710 1340 sancto

324 1367 553 1413 extiterunt
581 1382 591 1409 ε
619 1381 719 1409 cum
741 1380 810 1408 eas
832 1362 878 1408 in
900 1362 1024 1408 illum
1050 1380 1239 1408 errorem
1262 1401 1273 1419 ‚
1306 1380 1394 1427 quo
1420 1363 1480 1409 ita
1505 1364 1711 1410 tenebra-

325 1449 493 1493 rentur,
522 1446 569 1482 ut
592 1434 767 1480 inimica
787 1433 877 1479 luci
896 1432 1099 1479 luxfieret
1114 1471 1124 1489 ‚
1143 1433 1234 1496 ipse
1252 1433 1438 1488 miserit3
1466 1433 1500 1479 si
1523 1434 1678 1481 invitas
1696 1471 1708 1491 ,

324 1509 508 1568 injustus
527 1543 538 1561 ‚
567 1516 615 1550 ut
639 1514 835 1564 cogeret3
864 1503 896 1549 si
920 1503 1110 1549 volentes
1129 1541 1140 1560 ‚
1169 1505 1389 1563 ingratus,
1427 1514 1476 1550 ut
1510 1504 1703 1551 damnet.

325 1579 438 1635 Quze.
448 1594 489 1622 se
507 1576 675 1621 futuras
688 1575 885 1620 inimicas
901 1574 1056 1634 origini
1071 1591 1158 1620 suae
1176 1575 1207 1620 si
1221 1576 1425 1638 praescire
1440 1586 1680 1638 potuerunt
1696 1613 1708 1632 ,

324 1661 365 1695 et
387 1659 483 1694 ante
508 1645 670 1692 bellum
688 1646 843 1689 timore
861 1646 1069 1691 cruciatae
1087 1683 1098 1700 ‚
1131 1646 1232 1691 etin
1254 1646 1368 1691 bello
1390 1646 1712 1710 inexpiabiliter

324 1717 572 1771 maculam,
591 1725 633 1760 et
646 1713 919 1777 postbellun}
931 1714 974 1758 in
986 1724 1197 1759 aeternum
1213 1715 1433 1761 damnatae
1448 1753 1458 1771 ‚
1484 1733 1711 1779 nunquam

323 1792 476 1837 beatae.
501 1789 544 1834 Si
565 1796 705 1832 autem
725 1785 929 1848 preescire
948 1802 1035 1830 non
1060 1796 1328 1847 potuerunt,
1358 1797 1399 1832 et
1424 1798 1522 1833 ante
1543 1787 1710 1834 bellum

323 1858 602 1926 improvidae⁹
629 1857 732 1902 etin
753 1855 869 1901 bello
888 1856 1094 1902 invalidae
1112 1894 1123 1912 ‚
1155 1867 1196 1902 et
1216 1867 1315 1920 post
1334 1857 1498 1904 bellum
1523 1859 1706 1916 miserae,

322 1947 547 1995 nunquam
571 1927 746 1974 divinae.
774 1926 994 1990 Etutique
1014 1926 1276 1990 quodipsae,
1301 1927 1389 1974 hoc
1405 1928 1538 1984 Deus,
1563 1946 1710 1976 secun-

322 2002 427 2048 dum
455 2000 661 2047 unitatem
684 1996 956 2043 substantiae.
1005 1997 1299 2043 Putamus-ne
1328 1998 1542 2061 respicitis
1572 2015 1708 2062 quam

319 2072 565 2121 immaniter
595 2068 943 2131 blasphematis?
969 2069 1025 2114 Et
1060 2079 1204 2115 tamen
1244 2068 1480 2132 aliquando
1516 2069 1710 2117 volentes

321 2145 445 2209 qnasi
469 2140 698 2189 defendere
718 2139 960 2185 bonitatem
974 2140 1079 2196 Dei,
1102 2140 1230 2186 etiam
1251 2139 1335 2203 ipsi
1351 2139 1478 2203 Hylae
1497 2152 1706 2204 praestare

321 2215 466 2262 dicitis
492 2210 656 2275 aliquid
682 2209 814 2265 boni,
847 2220 895 2259 ut
920 2210 1088 2256 inclusa
1114 2210 1159 2256 in
1178 2211 1405 2273 semetipsa
1432 2228 1521 2257 non
1535 2213 1699 2259 saeviat.

320 2286 515 2335 Habebit
537 2300 637 2344 ergo
663 2281 831 2345 aliquid
856 2282 963 2329 boni
980 2319 990 2337 ‚
1016 2299 1119 2328 cum
1152 2281 1189 2327 ei
1223 2281 1394 2327 nullum
1414 2282 1596 2330 mixtum
1621 2284 1704 2329 erit

317 2359 518 2406 bonum?
550 2352 742 2406 Auferte
765 2353 879 2399 sicut
901 2355 1018 2400 Deus
1050 2363 1148 2400 ante
1181 2352 1347 2400 bellum
1374 2353 1464 2399 sine
1491 2355 1707 2400 commix-

319 2431 437 2477 tione
459 2427 561 2479 mali
579 2423 774 2475 babebat
792 2423 1054 2474 necessitatis
1072 2422 1254 2479 malum,
1282 2423 1341 2471 ita
1363 2422 1476 2485 Hyle
1500 2434 1599 2487 post
1615 2424 1708 2472 bel-

315 2501 406 2551 lum
433 2500 528 2549 sine
541 2495 848 2546 commixtione
872 2495 981 2545 boni
1006 2494 1190 2543 habebit
1219 2493 1466 2540 cessationis
1492 2494 1701 2542 bonum?

314 2571 457 2619 Dicite
481 2585 580 2629 ergo
603 2567 690 2614 duo
716 2565 830 2611 mala
849 2603 860 2623 ,
901 2565 975 2611 sed
1009 2581 1145 2612 unum
1172 2564 1304 2611 altero
1328 2567 1480 2628 peJus‚
1511 2575 1590 2611 aut
1615 2564 1704 2611 duo
