1795 3253
4 193 19 699 ⁴²⁸·QQm—nss

183 283 359 315 CONTRA
393 282 692 316 FORTUNATUM
725 279 917 314 MANICII.
960 281 1230 314 DISPUTATIO
1267 283 1317 314 11.
1389 267 1452 331 95

76 348 342 403 consuetudo
359 348 475 395 facta
495 349 540 396 111
561 366 702 396 carne.
737 349 837 411 Ipsa
862 358 923 393 est
944 348 1151 394 nimirum
1179 349 1321 395 carnis
1340 366 1454 412 pru—

76 420 249 478 dentia,
277 436 376 484 quae
416 420 612 483 quandiu
646 420 707 466 ita
742 418 826 478 legi
858 418 937 463 Dei
967 418 1125 478 subJ'ici
1160 437 1249 464 non
1278 430 1450 483 potest,

76 491 229 537 tandiu
260 490 493 554 prudentia
516 491 655 537 carnis
678 500 739 536 est
763 507 774 535 ε
810 489 883 535 sed
916 488 1158 535 illuminata
1185 490 1350 547 anima,
1374 490 1454 536 de-

76 562 176 607 511111
194 561 267 611 illa
289 579 375 607 essc
393 562 534 608 carnis
553 561 796 626 prudentia.
825 560 896 606 Sic
917 560 1028 606 enim
1051 560 1217 606 dictum
1238 571 1300 606 est
1315 599 1326 617 ,
1348 579 1455 624 pru-

75 632 266 678 dentiam
281 633 421 678 carnis
436 651 525 678 11011
540 650 663 697 posse
677 632 761 692 legi
776 632 855 677 Dei
871 648 957 677 esse
972 631 1230 691 subjectam,
1249 632 1456 695 quemad-

74 704 255 750 modum
282 704 315 749 si
340 703 582 761 diceretur,
620 702 843 763 glacialem
871 703 1016 748 nivem
1043 702 1231 749 calidam
1256 719 1344 747 esse
1367 720 1457 747 non

74 791 212 837 posse.
259 774 388 826 Nullo
425 774 539 820 enim
577 785 730 838 pacto,
766 774 963 837 quandiu
993 774 1063 819 nix
1091 784 1173 828 est,
1201 773 1342 819 calida
1370 791 1456 819 esse

74 856 229 908 potest.
262 844 347 891 Sed
371 844 743 908 quemadmodum
764 844 839 890 illa
868 845 938 890 nix
966 844 1107 890 calore
1141 843 1391 900 resolvitur,
1417 854 1458 889 et

76 915 231 961 desinit
263 916 335 966 nix
365 933 474 972 esse,
499 926 548 961 ut
572 916 706 978 possit
734 915 940 961 calescere
962 933 972 960 :
1002 915 1062 960 sic
1092 914 1167 960 illa
1188 915 1328 960 carnis
1350 932 1453 978 pru-

76 985 221 1032 dentia
239 1023 251 1043 ,
270 985 316 1032 id
339 997 426 1043 est,
449 986 716 1032 consuetudo
738 986 851 1032 facta
875 1003 974 1032 cum
998 1002 1124 1031 carne
1140 1023 1150 1042 ,
1194 1002 1296 1031 cum
1326 984 1457 1031 fuerit

75 1073 194 1102 mens
213 1067 358 1102 nostra
380 1056 646 1113 illuminata,
674 1068 716 1102 et
740 1056 795 1103 ad
821 1057 1049 1102 arbitrium
1074 1056 1234 1102 divinae
1259 1057 1362 1117 legis
1381 1067 1453 1101 to-

76 1138 171 1174 tum
187 1127 409 1182 hominem
430 1127 513 1172 sibi
535 1129 650 1173 Deus
666 1128 923 1187 subjecerit,
947 1144 1027 1192 pro
1052 1128 1126 1173 illa
1144 1127 1456 1173 consuetudine

77 1199 234 1244 animae
257 1198 372 1251 mala
399 1197 504 1244 facit
535 1199 891 1245 consuetudinem
926 1200 1104 1245 bonam.
1155 1200 1216 1244 Ex
1248 1216 1335 1263 quo
1372 1199 1457 1245 illae

76 1268 178 1323 duee
197 1269 372 1315 arbores
390 1306 401 1325 ,
427 1270 545 1316 bona
576 1271 708 1315 arbor
738 1281 779 1316 et
806 1270 919 1316 mala
946 1271 1102 1325 arbor,
1132 1287 1238 1333 quas
1262 1287 1457 1315 comme-

75 1341 253 1385 morasti
270 1378 280 1397 ,
304 1341 520 1387 verissime
539 1340 706 1387 dictum
726 1352 788 1386 est
808 1360 831 1386 a
850 1341 1039 1386 Domino
1052 1379 1065 1397 ‚
1088 1340 1207 1404 quod
1226 1357 1324 1385 51105
1340 1340 1457 1386 fruc-

80 1420 144 1455 tus
171 1410 389 1464 liabeant3
410 1411 456 1458 id
479 1422 567 1464 est,
590 1429 729 1475 neque
748 1412 865 1457 bona
888 1411 1024 1474 possit
1047 1411 1149 1456 dare
1174 1411 1310 1456 malos
1333 1410 1458 1456 fruc-

77 1490 162 1537 1115,
185 1498 324 1545 neque
343 1481 456 1527 mala
471 1482 628 1538 bonos,
649 1482 721 1528 sed
742 1482 937 1545 quandiu
954 1482 1067 1527 mala
1080 1492 1156 1528 est.
1181 1482 1459 1544 Accipiamus

77 1550 186 1596 duos
226 1551 452 1611 homines,
489 1553 657 1597 bonum
694 1552 919 1597 hominem
947 1562 988 1596 et
1023 1551 1186 1596 malum
1212 1551 1449 1597 hominem.

78 1622 288 1678 Quandiu
324 1622 467 1668 bonus
506 1634 593 1679 051,
635 1622 768 1668 malos
806 1622 976 1668 fructus
1016 1622 1118 1668 dare
1152 1639 1239 1667 11011
1274 1633 1417 1685 potest
1442 1640 1453 1667 z

77 1693 273 1755 quandiu
299 1693 437 1739 malus
460 1704 522 1738 est
540 1731 551 1746 ,
577 1692 745 1741 fructus
765 1693 905 1738 bonos
930 1693 1033 1738 dare
1059 1710 1148 1737 non
1180 1703 1337 1755 potest.
1369 1693 1455 1739 Sed

77 1774 125 1809 ut
147 1763 360 1824 intelligas
379 1765 480 1810 istas
503 1764 610 1810 duas
631 1764 803 1812 arbores
830 1764 890 1809 510
913 1780 998 1808 0550
1023 1781 1045 1808 a
1060 1763 1249 1808 Domino
1266 1763 1427 1826 positas
1443 1801 1453 1820 ‚

78 1834 205 1894 utibi
227 1834 541 1894 significaretur
560 1833 749 1879 liberum
778 1833 1032 1889 arbitrium,
1060 1850 1150 1878 non
1172 1844 1347 1878 naturas
1372 1851 1458 1878 esse

77 1905 178 1963 istas
201 1905 309 1951 duas
333 1906 534 1962 arbores,
577 1905 648 1950 sed
688 1905 928 1952 voluntates
968 1916 1159 1959 11051135,
1193 1905 1285 1968 ipse
1318 1905 1378 1950 ait
1410 1906 1456 1951 in

79 1976 314 2036 Evangelio
338 1994 348 2022 ε
379 1998 399 2019 c<
422 1978 509 2022 Aut
530 1975 658 2021 facite
681 1976 882 2021 arborem
904 1977 1066 2021 bonam
1085 2013 1096 2031 ,
1127 1985 1202 2020 aut
1231 1975 1360 2021 facite
1384 1994 1458 2021 ar-

79 2067 98 2088 »
116 2046 268 2092 borem
301 2045 502 2092 malam&
531 2067 550 2087 >2
573 2046 681 2101 Quis
707 2056 767 2091 est
792 2046 868 2109 qui
899 2047 1033 2109 possit
1056 2042 1196 2091 facere
1226 2049 1459 2092 naturam?

81 2116 128 2163 Si
150 2134 249 2177 ergo
272 2118 533 2180 imperatum
568 2127 629 2162 est
656 2117 781 2163 nobis
818 2128 867 2163 ut
902 2118 1111 2163 faciamus
1146 2117 1347 2163 arborem
1384 2127 1459 2163 aut

78 2188 242 2238 bonam
266 2199 340 2235 aut
358 2188 540 2244 malam,
563 2199 760 2234 nostrum
782 2200 843 2234 051
862 2189 1014 2248 eligere
1033 2185 1152 2252 quod
1176 2189 1370 2236 velimus.
1396 2189 1460 2234 De

80 2259 161 2315 isto
183 2277 282 2320 ergo
301 2271 482 2323 peccato
504 2259 694 2306 11011111115
709 2298 720 2317 ,
745 2271 787 2306 01
803 2260 855 2306 (10
873 2261 953 2306 ista
972 2259 1284 2306 consuetudine
1303 2260 1458 2305 animae

80 2328 195 2376 facta
211 2347 313 2376 cum
330 2347 457 2376 carne
482 2330 713 2394 Apostolus
735 2330 841 2377 dicit
864 2349 875 2376 ι
905 2353 926 2374 «
949 2332 1087 2376 Nemo
1107 2347 1182 2376 vos
1206 2330 1382 2377 seducat
1406 2348 1416 2375 ε
1438 2352 1457 2372 n

84 2400 240 2446 Omnis
268 2411 465 2448 creatura
501 2419 598 2465 quae
625 2419 649 2447 a
680 2402 772 2447 Deo
795 2401 910 2448 facta
937 2412 1027 2457 est,
1059 2401 1178 2447 bona
1216 2411 1291 2448 est.
1338 2401 1457 2446 Dicit

81 2471 197 2539 idem
222 2472 454 2538 Apostolus
470 2490 598 2537 quem
616 2483 664 2517 tu
682 2473 771 2536 ipse
789 2472 1134 2537 commemorasti
1156 2490 1166 2517 ε
1194 2493 1214 2514 α
1238 2472 1362 2528 Sicut
1377 2489 1456 2536 per

83 2563 104 2584 ³)
125 2543 253 2592 unius
274 2542 618 2601 inobedientiam
645 2555 892 2608 peccatores
920 2543 1147 2591 constituti
1175 2553 1275 2589 sunt
1298 2543 1449 2601 multi,

133 2625 145 2649 ¹
163 2627 283 2660 Matth.
301 2638 362 2669 ΧΠ,
379 2629 434 2660 33.
