1795 3253
331 281 422 327 388
751 297 784 323 s.
828 294 1070 324 Aucusrixi
1109 291 1313 322 EPISCOPI

330 362 497 424 peccati
534 361 665 406 nostri
705 361 792 406 sine
815 370 994 422 peccato
1029 369 1190 404 nostro.
1237 357 1440 402 Jamvero
1474 355 1550 402 ubi
1578 355 1701 401 audis

329 448 506 493 poenam
538 431 729 493 peccati,
771 440 843 475 aut
866 448 912 475 ex
943 428 1243 475 benedictione
1274 426 1399 472 crede
1433 426 1697 481 venientem,

329 511 404 545 aut
427 517 473 545 ex
497 500 796 546 maledictione
821 518 831 544 ε
862 500 893 545 si
919 518 964 545 ex
993 497 1291 544 benedictione
1311 497 1429 542 venit
1446 513 1578 559 poeua
1600 512 1701 558 pec-

328 572 411 615 cati
432 608 441 625 ‚
482 583 583 634 opta
604 588 689 616 esse
707 588 875 634 semper
899 572 943 615 in
962 588 1093 634 poena
1119 568 1288 631 peccati
1317 585 1327 612 :
1354 568 1387 612 si
1412 577 1554 612 autem
1578 575 1701 628 optas

327 640 428 685 inde
466 640 667 694 liberari,
702 640 828 685 crede
869 658 946 704 per
979 640 1139 684 diviuae
1170 637 1391 683 sententiae
1417 636 1630 696 justitiam
1652 652 1697 680 ex

329 710 630 756 maledictione
655 711 831 757 venisse.
871 712 1087 756 Confitere
1113 725 1212 767 ergo
1247 707 1526 753 maledictum
1555 723 1700 751 susce-

331 783 436 845 pisse
455 799 535 845 pro
558 783 699 832 uobis,
721 799 849 845 quem
869 780 1085 827 confiteris
1107 791 1325 824 mortuum
1343 796 1429 824 esse
1446 795 1527 841 pro
1546 777 1699 830 nobis3

329 869 403 897 nec
446 851 563 897 aliud
596 852 837 911 siguificare
874 852 1058 897 voluisse
1103 855 1279 912 Moysen
1301 886 1311 896 .
1361 865 1461 894 cum
1498 847 1697 892 diceret:

331 922 586 967 Maledictus
606 922 743 966 omnis
762 922 836 985 qui
860 923 904 966 in
922 922 1039 980 liguo
1060 918 1314 984 pependerit
1333 939 1343 972 ;
1370 918 1451 963 nisi
1477 935 1486 962 :
1511 916 1703 962 Mortalis

325 992 463 1037 omnis
487 1003 527 1036 et
550 992 733 1037 moriens
751 993 891 1036 omnis
915 992 989 1055 qui
1015 992 1059 1036 in
1082 990 1199 1049 ligno
1227 988 1497 1053 pependerit.
1528 988 1703 1032 Poterat

325 1063 439 1107 enim
461 1061 601 1107 dicere
626 1080 637 1107 ι
670 1062 928 1107 Maledictus
955 1062 1095 1106 omnis
1114 1060 1304 1106 mortalis
1319 1096 1330 1116 ‚
1353 1070 1427 1104 aut
1451 1077 1461 1103 ε
1491 1059 1533 1103 M
1541 1057 1703 1102 aledic-

326 1143 392 1176 tus
419 1133 558 1177 omnis
578 1133 762 1178 moriens
787 1150 797 1177 z
834 1132 905 1177 sed
932 1132 1017 1177 hoc
1035 1143 1095 1176 est
1113 1131 1232 1194 quod
1261 1130 1406 1175 asserit
1441 1128 1664 1191 Propheta
1687 1164 1699 1183 ,

324 1202 425 1264 quia
448 1201 611 1246 sciebat
630 1202 793 1247 Christi
814 1213 994 1247 mortem
1020 1202 1063 1246 in
1086 1218 1214 1246 cruce
1239 1217 1470 1263 pensuram
1491 1236 1501 1253 ,
1522 1209 1564 1243 et
1587 1197 1703 1242 futu-

329 1288 393 1315 ros
411 1270 728 1333 heereticosqui
748 1271 940 1316 dicerent.
965 1289 974 1316 :
997 1292 1016 1312 «
1038 1270 1252 1333 Pependit
1269 1269 1446 1333 quidem
1464 1269 1508 1313 in
1525 1268 1660 1327 ligno,
1683 1289 1702 1309 »

324 1340 395 1385 sed
433 1340 574 1403 specie
608 1340 797 1404 quadani
817 1378 827 1396 ‚
860 1358 946 1385 non
974 1351 1021 1385 ut
1052 1358 1149 1385 vere
1174 1350 1425 1385 moreretur.
1459 1337 1702 1383 Clamaudo

322 1427 421 1469 ergo
447 1428 456 1454 ε
486 1410 770 1466 Maledictus,
798 1410 909 1455 nihil
942 1409 1060 1455 aliud
1087 1410 1317 1464 clamavit,
1357 1409 1436 1454 nisi
1473 1407 1574 1471 quia
1607 1424 1703 1453 vere

325 1491 519 1527 mortuus
539 1518 548 1527 .
570 1481 706 1525 sciens
729 1491 913 1526 mortem
945 1480 1136 1525 hominis
1165 1480 1428 1543 peccatoris,
1461 1495 1591 1542 quain
1614 1479 1703 1523 sine

323 1561 504 1614 peccato
527 1551 616 1613 ipse
642 1551 856 1614 suscepit,
890 1550 944 1595 de
973 1550 1046 1596 illo
1076 1550 1308 1595 maledicto
1345 1550 1588 1595 venientem
1617 1565 1704 1611 quo

324 1621 491 1666 dictum
516 1631 577 1665 est
600 1639 609 1665 ε
639 1642 657 1661 r<
679 1621 724 1665 Si
743 1621 964 1679 tetigeritis
983 1658 993 1675 ‚
1016 1631 1151 1665 morte
1173 1618 1459 1666 morieminffl.
1487 1641 1506 1660 »
1529 1618 1594 1663 Ad
1618 1618 1702 1663 hoc

323 1691 510 1754 pertinet
534 1701 575 1735 et
595 1708 768 1753 serpeus
791 1691 861 1736 ille
894 1692 937 1736 in
964 1690 1082 1750 ligno
1105 1691 1362 1753 suspensus2
1380 1727 1389 1744 ‚
1419 1707 1507 1753 quo
1536 1689 1703 1748 signiti—

324 1772 494 1807 caretur
511 1778 596 1806 non
621 1761 769 1806 salsam
798 1772 978 1806 mortem
1003 1761 1230 1806 Christum
1253 1760 1473 1815 finxisse3,
1495 1759 1565 1804 sed
1583 1759 1700 1805 illam

323 1849 470 1877 verani
498 1832 540 1875 in
562 1830 678 1889 ligno
711 1832 918 1894 passionis
953 1848 1040 1876 suae
1068 1830 1337 1894 suspendisse
1354 1867 1364 1886 ,
1392 1830 1436 1875 in
1459 1846 1588 1892 quain
1610 1846 1703 1875 ser-

324 1919 429 1964 pens
446 1901 517 1946 ille
540 1901 762 1946 homiuem
787 1901 896 1947 male
920 1900 1142 1946 suadendo
1173 1901 1342 1960 dejecit.
1378 1901 1524 1956 Quam
1558 1917 1701 1945 veram

322 1983 504 2017 mortem
529 1970 683 2016 nolunt
707 1972 774 2016 isti
801 1972 1053 2034 conspicere
1080 1989 1090 2016 :
1129 1981 1171 2015 et
1206 1970 1302 2015 ideo
1327 1987 1413 2015 uon
1437 1980 1647 2014 sanantur
1673 1988 1696 2015 a

323 2058 486 2087 veneno
510 2042 719 2104 serpentis
733 2079 743 2097 ‚
765 2043 876 2088 sicut
895 2043 942 2088 in
961 2058 1104 2087 eremo
1122 2041 1388 2105 quicumque
1407 2039 1531 2085 illum
1552 2051 1699 2086 atten-

323 2112 474 2157 derent
493 2113 772 2158 sanabantur.

390 2184 511 2229 Vlll.
555 2184 706 2246 ltaque
742 2182 928 2228 fatemur
965 2184 1021 2228 ab
1058 2183 1271 2247 imperitis
1308 2183 1425 2240 dici,
1466 2182 1585 2228 aliud
1616 2200 1702 2228 esse

324 2254 435 2312 affigi
455 2253 572 2311 liguo
593 2289 603 2307 ‚
629 2252 747 2297 aliud
767 2253 808 2298 in
829 2252 944 2311 ligno
962 2252 1166 2316 pendere.
1194 2253 1264 2297 Sic
1287 2252 1400 2296 enim
1422 2251 1601 2314 quidam
1618 2268 1700 2314 pu-

324 2334 417 2368 tant
436 2321 684 2367 solvendam
709 2339 794 2367 esse
815 2323 940 2367 istam
963 2323 1245 2386 quiestionem
1266 2359 1276 2377 ‚
1306 2332 1353 2367 ut
1374 2321 1532 2366 Judam
1553 2321 1701 2366 dicant

324 2411 346 2437 a
362 2393 508 2454 Moyse
526 2391 803 2437 maledictum
820 2392 894 2455 qui
910 2392 1063 2456 laqueo
1086 2410 1127 2438 se
1145 2391 1397 2455 suspendit3
1418 2391 1539 2454 quasi
1558 2391 1700 2454 primo

326 2462 521 2507 noverint
548 2472 691 2507 utrum
720 2480 766 2506 ex
790 2461 905 2521 liguo
930 2480 983 2508 an
1008 2481 1052 2507 ex
1079 2461 1224 2526 lapide
1247 2479 1288 2507 se
1316 2461 1386 2506 ille
1410 2460 1692 2525 suspenderit.

327 2532 410 2578 Sed
432 2548 580 2577 verum
605 2543 694 2588 est,
721 2532 840 2596 quod
860 2543 900 2578 et
926 2534 1106 2578 Faustus
1137 2533 1516 2589 commemoravit,
1557 2534 1697 2596 Apos—

375 2617 383 2636 ¹
407 2618 487 2646 Cen.
503 2627 539 2654 n,
562 2617 613 2656 ι’ἰ,
633 2622 662 2647 et
681 2627 731 2652 ιιι,
757 2618 787 2648 3.
811 2635 843 2639 --
862 2617 877 2637 ‘-'
899 2619 992 2650 Num.
1012 2628 1079 2655 xxi,
1096 2630 1125 2657 ς),
1145 2636 1180 2641 -—
1207 2615 1220 2640 3
1238 2617 1330 2649 .Ῐι,ιιιιι,
1353 2628 1406 2655 ιιι,
1428 2624 1476 2654 ι4.
