1795 3253
245 286 420 319 CONTRA
455 286 658 317 FAUSTUM
692 285 995 326 MANICHAEUM,
1033 286 1121 316 LIB·
1165 286 1245 316 ΧΠ.
1354 271 1445 333 327

79 352 206 400 tendo
227 352 398 399 veritati
421 362 574 397 exeunt
595 369 618 396 a
636 351 746 397 facie
763 350 860 406 Dei,
885 349 999 396 sicut
1015 354 1125 397 Ca'i'n
1141 389 1152 406 ‚
1175 351 1288 397 sicut
1304 351 1328 395 J
1335 350 1451 396 udaei

76 424 236 489 perditi
257 461 267 479 ‚
292 423 498 469 habitant
525 423 570 468 in
595 433 705 468 terra
735 421 1039 468 commotionis
1055 460 1065 478 ‚
1105 422 1149 467 id
1174 433 1259 479 cst,
1281 422 1327 468 in
1349 438 1455 486 per-

77 495 325 542 turbatione
356 494 520 540 carnali
539 532 549 547 ,
589 504 738 540 contra
757 492 1080 553 jucunditatem
1103 493 1183 538 Dei
1205 530 1216 549 ,
1244 492 1331 538 hoc
1355 502 1416 538 est
1438 529 1450 548 ⁵

78 577 229 613 contra
254 565 377 612 Eden
392 602 403 620 ‚
426 565 546 629 quod
568 566 879 628 interpretatur
900 564 1124 627 Epulatio‚
1144 564 1221 609 ubi
1246 574 1308 609 est
1331 564 1455 627 plan-

80 647 194 682 tatus
214 635 452 700 paradisus.
477 637 574 681 «lam
601 646 757 681 caetera
779 651 923 698 pauca
941 635 994 680 de
1015 633 1162 680 multis
1179 634 1455 698 breviterque

77 709 363 771 perstringam
381 743 391 761 ‚
411 724 464 752 ne
488 707 764 769 propositum
789 705 930 770 operis
956 705 1090 765 hujus
1109 715 1151 751 et
1164 704 1457 769 responsionis

78 795 186 823 meae
214 777 348 823 nimia
369 777 642 838 longitudine
662 778 869 823 sermonis
886 776 1140 840 impediam.

141 848 260 894 xlv.
292 849 433 904 Quem
456 849 568 894 enim
592 866 679 894 non
714 858 886 893 moveat
910 847 963 892 ad
991 846 1279 910 quaerendum
1302 857 1344 893 et
1377 847 1452 892 in-

81 919 360 979 telligendum
385 919 610 965 Christum
634 920 678 965 in
703 919 787 965 illis
807 918 954 974 libris,
988 929 1037 964 ut
1061 935 1108 963 ea
1137 918 1335 963 omittam
1357 934 1456 981 quae

79 990 278 1053 quamvis
297 1000 417 1036 tanto
439 990 611 1036 suavius
632 990 1002 1053 contemplentur,
1028 999 1194 1053 quanto
1210 1006 1256 1033 ex
1274 987 1460 1034 abditio-

80 1060 202 1106 ribus
224 1060 331 1106 locis
351 1061 653 1114 enucleantur,
686 1071 831 1106 tamen
852 1060 1027 1120 exigunt
1059 1058 1346 1123 prolixitatem
1369 1058 1462 1104 dis-

81 1131 337 1185 sertationis,
364 1132 465 1195 quia
506 1132 710 1195 pluribus
750 1131 1097 1177 attestationibus
1147 1130 1343 1190 indigent
1364 1147 1374 1174 z
1414 1139 1462 1174 ut

82 1202 278 1248 omittam
293 1219 392 1262 ergo
409 1203 536 1256 talia;
577 1219 707 1266 quem
743 1220 831 1248 non
860 1211 1062 1247 moveant
1089 1200 1143 1246 ad
1167 1200 1383 1245 salubrem
1403 1201 1460 1245 fi-

83 1272 182 1318 dem
200 1309 211 1328 ,
237 1272 352 1335 quod
380 1273 537 1318 Enoch
564 1274 772 1337 septimus
799 1273 854 1318 ab
889 1273 1028 1319 Adam
1047 1310 1057 1329 ,
1087 1273 1176 1317 Deo
1202 1271 1394 1336 placuit,
1420 1282 1462 1317 et

84 1343 315 1389 translatus
335 1354 397 1388 est
412 1342 430 1372 1
449 1364 460 1397 3
478 1354 519 1388 et
538 1344 720 1407 septima
738 1344 907 1407 requies
931 1343 1216 1407 praedicatur,
1247 1342 1299 1388 ad
1329 1359 1463 1406 quain

85 1413 338 1460 transfertur
364 1415 503 1460 omnis
523 1416 598 1479 qui
623 1427 828 1479 tanquam
859 1426 972 1460 sexto
998 1415 1066 1461 die
1103 1424 1214 1460 sexta
1235 1424 1360 1460 aetate
1379 1431 1463 1459 sae—

85 1484 191 1541 culi,
217 1484 383 1530 Christi
406 1485 595 1532 adventu
614 1486 858 1532 formatur?
887 1486 1019 1543 Quod
1040 1487 1134 1531 Noa}
1157 1502 1257 1531 cuin
1285 1485 1370 1530 suis
1387 1501 1465 1548 per

86 1574 241 1620 aquam
262 1567 302 1603 et
327 1557 493 1618 lignum
521 1557 732 1604 liberatur
751 1559 805 1602 2:
843 1559 956 1603 sicut
991 1557 1155 1603 familia
1196 1557 1360 1602 Christi
1386 1574 1464 1620 per

85 1628 355 1691 baptismum
367 1630 508 1675 crucis
521 1631 716 1694 passione
727 1631 968 1690 signatum?
990 1629 1121 1685 Quod
1144 1628 1197 1674 de
1218 1628 1344 1688 lignis
1358 1645 1466 1692 qua-

86 1698 219 1745 dratis
257 1699 406 1745 eadem
432 1718 528 1746 arca
551 1700 794 1747 fabricatur
813 1738 823 1757 ‚
855 1701 966 1746 sicut
991 1699 1182 1746 Ecclesia
1216 1699 1269 1744 de
1307 1700 1464 1745 sanctis

86 1770 371 1827 construitur,
393 1771 446 1816 ad
468 1788 595 1817 omne
611 1790 721 1836 opus
739 1773 905 1818 honum
922 1789 1090 1834 semper
1104 1770 1266 1834 paratis
1280 1770 1325 1815 32³
1349 1771 1466 1828 Qua-

87 1840 260 1886 dratum
286 1842 400 1887 enim
418 1879 428 1898 ‚
455 1859 735 1907 quacumque
770 1844 971 1899 verteris,
998 1843 1179 1888 firmiter
1206 1852 1301 1887 stat.
1334 1841 1462 1898 Quod

87 1912 214 1957 sexies
242 1910 369 1972 longa
392 1912 454 1958 ad·
471 1913 748 1958 latitudinem
769 1912 929 1969 suam,
953 1924 993 1958 et
1023 1912 1163 1958 decies
1187 1913 1240 1958 ad
1268 1912 1468 1958 altitudi-

88 1999 183 2028 nem
199 1999 343 2038 suam‚
368 1983 550 2028 humani
572 1984 768 2047 corporis
794 1985 944 2040 instar,
969 1983 1156 2029 ostendit
1178 1986 1279 2046 quia
1303 1983 1347 2028 in
1367 1999 1468 2028 cor-

88 2071 194 2117 pore
216 2054 412 2099 humano
441 2054 640 2099 Christus
667 2056 884 2118 apparuit.
917 2055 1050 2112 Quod
1069 2055 1229 2100 cubitis
1245 2054 1467 2118 quinqua-

89 2125 206 2184 ginta
231 2124 418 2170 latitudo
438 2128 530 2185 ejus
567 2125 860 2189 expanditurl‘
890 2146 901 2179 3
934 2126 1048 2171 sicut
1078 2125 1187 2171 dicit
1213 2125 1466 2188 Apostolus:

89 2196 216 2241 «Cor
233 2207 429 2241 nostrum
456 2196 684 2243 dilatatum
706 2208 767 2243 est
786 2197 819 2245 5.
845 2219 864 2239 »
886 2197 1029 2254 Unde,
1051 2197 1130 2242 11151
1149 2196 1364 2242 charitate
1385 2196 1472 2260 spi-

89 2265 235 2313 ritali?
262 2268 447 2331 Propter
462 2267 582 2331 quod
606 2269 696 2332 ipse
720 2269 818 2314 item
841 2268 950 2314 dicit
971 2286 981 2313 :
1006 2289 1026 2309 α
1049 2267 1253 2313 Charitas
1276 2267 1351 2312 Dei
1375 2267 1466 2312 dif-

90 2358 112 2378 »
129 2336 225 2382 fusa
249 2348 310 2383 est
330 2338 375 2383 111
400 2339 608 2384 cordibus
625 2340 778 2385 nostris
801 2358 879 2404 per
905 2339 1117 2404 Spiritum
1158 2349 1374 2394 sanctum,
1397 2338 1472 2401 qui

91 2430 113 2451 »
136 2408 263 2454 datus
286 2420 348 2454 est
368 2409 494 2455 nobis
512 2410 545 2456 6.
583 2431 603 2452 ))
636 2411 1005 2475 Quinquagesimo
1032 2410 1147 2455 enim
1191 2409 1259 2454 die
1280 2419 1378 2472 post
1401 2426 1472 2453 re-

91 2479 400 2526 surrectionem
422 2497 542 2526 suam
555 2480 755 2527 Christus
774 2492 972 2528 sanctum
996 2481 1209 2545 Spiritum
1231 2479 1364 2526 misit.
1383 2496 1472 2543 quo

141 2573 252 2603 ¹Geu.
271 2584 299 2609 v,
317 2578 370 2608 24.
396 2591 438 2596 —
464 2572 479 2594 ²
497 2575 659 2609 Ge11.v11,
687 2576 742 2607 23,
766 2593 807 2598 --
834 2572 848 2596 3
874 2586 890 2605 2
920 2575 1002 2606 Tim.
1027 2586 1064 2605 11.
1092 2592 1138 2598 -
1157 2570 1170 2593 ⁴
1190 2575 1270 2603 Cen.
1294 2579 1474 2611 ῑ1,ι”,.»-

95 2623 109 2647 5
133 2637 150 2655 2
171 2627 244 2657 Cor.
264 2636 308 2662 vi,
330 2637 382 2659 11,
399 2643 442 2650 -
464 2622 479 2645 6
495 2629 587 2657 Rom.
607 2637 637 2662 v,
657 2629 686 2657 5.
