1795 3253
265 275 438 308 CONTRA
474 274 678 307 rausum
713 273 1017 316 MAMOEAEUM,
1059 275 1144 308 mn.
1187 278 1215 309 v
1350 264 1441 313 255

68 361 91 386 ιο
112 353 278 408 patrem
293 378 304 399 ,
336 354 518 389 matrem
534 378 545 400 ‚
573 358 746 389 uxorem
762 378 774 399 ,
801 340 912 388 filios
928 379 939 398 ‚
967 359 1121 390 aurum
1137 381 1149 400 ,
1184 356 1408 406 argentum
1425 385 1437 404 ‚

6 420 7 424 ’
69 434 90 458 >2
113 413 398 469 manducare,
433 414 609 471 bibere,
636 412 837 469 delicias,
859 412 1104 477 voluptates
1123 414 1171 460 1:
1200 437 1219 458 »
1243 416 1330 463 hoe
1358 418 1440 465 tibi

67 484 121 532 ad
146 485 407 546 interrogata
429 486 528 531 satis
551 499 804 548 responsum
832 494 958 547 puta,
981 494 1024 532 et
1046 485 1224 533 beatum
1244 497 1285 534 te
1314 488 1441 537 futu-

64 572 179 615 rum,
201 557 235 603 si
251 557 297 603 in
318 573 386 604 me
405 572 492 603 non
514 555 648 603 fueris
667 554 999 603 scandalizatus.
1031 578 1051 600 »

131 629 189 675 11.
214 649 235 670 «
259 628 348 675 Sim
368 643 474 684 non,
497 627 658 691 inquis,
682 626 880 691 accipere
897 626 1175 687 Evangelium
1195 628 1282 676 hoc
1300 629 1440 677 solum

0 691 1 700 ¹
65 709 144 756 est,
171 698 344 764 siquod
368 699 607 763 praecepit,
623 696 781 751 facias;
808 696 881 744 sed
906 707 954 744 ut
976 697 1103 743 etiam
1123 698 1273 745 eredas
1295 701 1442 747 omni-

63 770 148 816 bus
173 786 273 833 quae
303 770 348 816 in
380 769 532 815 eodem
564 768 724 832 scripta
756 778 882 826 sunt,
921 784 1109 831 quorum
1147 770 1341 833 primum
1379 782 1443 818 est

62 839 191 897 illud,
210 840 313 904 quia
331 840 386 886 sit
404 849 532 885 natus
558 839 682 886 Deus.
713 837 798 884 Sed
822 855 901 885 nec
933 838 1037 885 item
1056 849 1119 885 est
1142 839 1279 887 solum
1303 841 1437 900 illud,

65 910 348 971 Evangelium
372 910 592 974 accipere,
624 919 673 954 ut
707 908 856 955 credas
901 910 1006 973 quia
1045 920 1170 956 natus
1201 921 1262 957 est
1293 915 1437 969 Jesus‚

63 980 136 1027 sed
154 991 203 1027 ut
215 981 345 1027 facias
359 980 490 1026 etiam
510 979 630 1044 quod
653 981 878 1044 praecepit,
904 981 1004 1026 Atsi
1024 996 1093 1026 me
1108 979 1273 1027 idcirco
1298 983 1443 1029 Evan-

62 1052 221 1113 gelium
244 1069 332 1099 non
356 1052 551 1116 accipere
578 1063 706 1115 putas
725 1088 736 1108 ,
777 1052 880 1115 quia
903 1053 1222 1112 generationem
1254 1065 1440 1117 praeter-

61 1124 206 1181 mitto,
229 1139 308 1170 nec
327 1133 377 1169 tu
398 1139 498 1183 ergo
517 1123 707 1186 accipis3
744 1133 786 1168 et
804 1123 941 1169 multo
963 1124 1097 1184 magis
1120 1140 1207 1170 non
1244 1125 1406 1189 accipis
1423 1163 1435 1183 ,

62 1196 166 1257 quia
199 1205 421 1260 praecepta
461 1193 716 1240 contemnis.
767 1195 828 1240 Ac
863 1210 943 1259 per
978 1195 1065 1242 hoc
1101 1196 1274 1243 interim
1315 1214 1439 1260 pares

60 1281 223 1322 sumus,
250 1266 389 1312 donec
411 1264 694 1312 discutiamus
704 1275 745 1311 et
764 1277 908 1329 partes
930 1284 940 1312 ε
970 1267 1089 1313 autsi
1109 1267 1190 1313 tibi
1212 1285 1300 1313 non
1319 1286 1435 1332 prae-

54 1337 227 1397 J‘udicat
259 1348 582 1406 praeceptorum
623 1337 703 1382 ista
747 1339 1016 1402 contemptio
1049 1339 1104 1384 ad
1138 1340 1437 1403 profitendum

59 1409 162 1472 quia
187 1409 376 1473 accipias
410 1407 708 1468 Evangelium,
735 1409 844 1454 mihi
868 1425 1003 1473 quare
1027 1409 1081 1455 ad
1109 1410 1194 1456 hoc
1217 1412 1434 1475 praejudi-

59 1491 128 1526 cet
148 1479 392 1541 genealogia
411 1481 630 1527 damnata.
658 1480 794 1537 Quod
837 1482 871 1527 si
897 1481 1179 1542 Evangelium
1206 1484 1403 1547 accipere
1420 1520 1432 1541 ‚

58 1550 104 1597 in
131 1551 306 1598 duobus
331 1552 400 1597 his
425 1561 621 1605 constat,
664 1562 711 1597 ut
732 1551 858 1607 dicis,
880 1552 1145 1612 genealogias
1169 1553 1341 1600 credere
1359 1592 1369 1612 ‚
1394 1565 1437 1601 et

58 1638 224 1669 servare
240 1622 463 1679 mandata,
489 1621 597 1687 quid
618 1639 718 1683 ergo
736 1622 1018 1686 imperfectus
1045 1624 1350 1688 imperfectum
1364 1630 1435 1687 J'u-

57 1693 204 1745 dicas?
229 1694 418 1757 Uterque
435 1705 630 1739 nostrum
648 1704 741 1753 eget
759 1693 980 1741 alterutm.
1011 1694 1105 1751 Sin,
1133 1696 1252 1759 quod
1277 1698 1434 1745 certius

57 1774 136 1821 est,
154 1764 350 1829 accipere
371 1764 655 1826 Evangelium
670 1765 712 1810 in
737 1764 825 1811 sola
838 1765 1139 1812 observatione
1159 1777 1329 1814 constat
1343 1785 1433 1816 coe-

55 1835 228 1882 lestium
263 1835 565 1882 mandatorum
583 1873 596 1895 ‚
630 1835 800 1900 duplici
826 1836 956 1883 modo
980 1837 1211 1901 improbus
1232 1856 1274 1884 es
1292 1876 1303 1895 ‚
1334 1840 1429 1903 qui,

56 1906 203 1954 utdici
215 1907 339 1964 solet,
361 1906 552 1954 desertor
572 1923 725 1967 arguas
749 1906 947 1954 militem.
979 1909 1036 1952 Et
1054 1918 1198 1954 tamen
1220 1927 1311 1970 age,
1338 1911 1432 1957 Po-

2 2011 11 2020 ·
55 1995 226 2036 namus,
244 1979 347 2043 quia
370 1979 431 2025 ita
454 1979 534 2035 vis,
559 1977 648 2024 duo
666 1978 764 2024 haec
789 1988 934 2042 partes
970 1996 1056 2025 esse
1080 1979 1181 2026 fidei
1204 1981 1427 2044 perfectae,

53 2068 240 2117 quarum
254 2067 340 2098 una
352 2049 529 2116 quidem
541 2059 708 2096 constet
724 2050 766 2095 in
785 2051 936 2107 verbO,
961 2050 1006 2096 id
1029 2061 1107 2108 est,
1139 2051 1263 2099 fateri
1282 2053 1431 2099 Chris-

53 2134 149 2170 tum
171 2133 351 2176 natum3
388 2121 520 2168 altera
555 2137 657 2168 vero
684 2121 729 2167 in
752 2138 908 2185 opere,
943 2122 1064 2186 quod
1090 2134 1152 2169 est
1186 2125 1430 2171 observatio

53 2203 403 2259 praeceptorum:
438 2191 537 2239 vide
559 2208 658 2252 ergo
682 2207 815 2256 quam
841 2191 1021 2238 arduam
1047 2210 1124 2254 ego
1147 2204 1189 2240 et
1209 2194 1431 2241 difficilio-

53 2282 144 2311 rem
173 2263 284 2310 mihi
306 2273 474 2328 partem
497 2261 720 2323 elegerinu
769 2273 817 2309 tu
851 2262 950 2309 vide
990 2279 1124 2327 quam
1171 2263 1429 2312 levissimam

52 2346 95 2383 et
125 2335 375 2383 faciliorem.
407 2335 496 2382 Nec
523 2333 742 2379 immerito
765 2334 891 2397 plebs
917 2334 970 2382 ad
1002 2344 1042 2380 te
1081 2335 1281 2393 confluit,
1316 2355 1339 2383 a
1360 2355 1427 2384 me

51 2406 228 2468 refugit,
244 2406 436 2452 nesciens
455 2405 623 2469 utique,
639 2405 741 2468 quia
751 2422 932 2466 regnum
942 2407 1021 2452 Dei
1043 2424 1130 2452 non
1151 2407 1259 2453 sitin
1273 2408 1425 2464 verbo,

51 2478 126 2525 sed
147 2478 194 2524 in
212 2478 386 2524 virtute.
419 2475 541 2534 Quid
561 2492 661 2536 ergo
684 2477 878 2540 estquod
905 2495 971 2524 me
994 2477 1180 2534 lacessis,
1213 2479 1246 2525 si
1271 2478 1428 2526 diffici-

51 2548 202 2596 liorem
218 2547 321 2594 fidei
360 2563 579 2608 aggressus
602 2557 789 2611 partem,
810 2548 892 2595 tibi
911 2560 960 2596 ut
981 2550 1173 2607 infirmo,
1195 2549 1349 2615 reliqui
1360 2550 1430 2598 fa-

99 2634 110 2657 ¹
132 2631 249 2667 Matih.
267 2643 338 2676 xxx,
359 2643 414 2674 ²9·
