1795 3253
287 273 462 305 CONTRA
496 272 701 303 FAUSTUM
733 271 1035 316 MANICHAEUM,
1074 273 1163 306 ΠΒ.
1202 274 1265 306 VI.
1373 275 1458 323 271

96 356 280 388 vacuam
303 339 505 386 ducimus
536 336 591 384 ad
615 336 937 384 observandum
956 375 967 394 ,
993 356 1040 384 ex
1065 355 1152 403 quo
1175 356 1270 403 spes
1288 339 1474 386 revelata

97 421 160 457 est
190 421 348 457 nostrae
377 409 534 475 quietis
559 420 759 463 aeternae3
795 426 883 454 non
912 420 1053 456 tamen
1085 410 1140 456 ad
1171 410 1401 471 legendum
1434 421 1475 457 et

92 480 421 544 intelligendum
441 481 574 545 :quia
603 480 874 545 propheticis
906 482 1174 545 temporibus
1206 499 1308 528 cum
1337 492 1475 528 essent

93 553 175 600 ista
205 570 304 617 quae
324 552 452 599 nobis
478 552 564 598 hoc
589 562 785 616 tempore
809 550 1027 615 patefacta
1047 563 1164 609 sunt,
1189 569 1278 598 non
1306 563 1473 598 tantum

95 624 384 680 sermonibus,
410 623 483 669 sed
508 634 550 668 et
578 622 823 668 actionibus
848 622 1174 686 praefiguranda
1194 633 1236 668 et
1258 640 1472 686 praenun-

96 693 262 750 tianda,
295 693 370 740 illo
403 695 523 754 signo
556 692 676 756 quod
699 692 897 753 legimus,
932 710 997 738 res
1028 692 1108 738 ista
1143 704 1386 757 praenotata
1415 704 1476 738 est

95 782 228 830 quam
242 776 447 812 tenemus.
475 765 559 810 Vos
577 774 721 810 autem
741 763 840 811 volo
866 764 975 809 mihi
997 764 1170 821 dicatis,
1195 782 1274 811 cur
1291 775 1474 811 vestram

93 836 369 883 cessationem
393 835 538 881 nolitis
560 835 771 899 implere?
798 835 822 880 J
830 835 943 881 udaei
966 836 1132 899 quippe
1156 836 1339 881 sabbato
1366 852 1461 891 suo,

97 906 215 971 quod
243 906 390 952 adhuc
410 907 639 953 carnahter
657 907 849 970 sapiunt,
873 924 961 952 non
984 906 1124 952 solum
1148 906 1194 952 in
1226 923 1327 966 agro
1352 905 1472 951 fruc-

96 987 192 1023 tum
222 975 390 1023 nullum
416 976 673 1040 decerpunt,
705 976 777 1022 sed
804 993 882 1022 nec
904 977 950 1022 in
980 976 1111 1023 domo
1137 976 1378 1023 concidunt
1402 987 1476 1022 aut

98 1058 307 1112 coquunt.
351 1048 437 1093 Vos
472 1059 616 1094 autem
652 1058 862 1093 cessantes
898 1047 1078 1111 quidem
1111 1049 1344 1111 expectatis
1380 1047 1478 1111 quis

99 1119 364 1165 Auditorum
389 1130 630 1165 vestrorum
658 1130 840 1182 propter
857 1136 933 1165 vos
952 1119 1192 1182 pascendos
1211 1119 1386 1165 cultello
1410 1117 1477 1164 vel

98 1188 303 1235 falcicula
323 1200 514 1235 armatus
542 1189 588 1235 in
613 1189 791 1234 hortum
818 1189 1033 1253 prosiliat,
1067 1189 1292 1236 homicida
1315 1206 1478 1236 cucur-

98 1260 315 1317 bitarum,
344 1278 532 1325 quarum
557 1260 684 1307 vobis
716 1261 892 1317 afferat,
919 1260 1080 1306 mirum
1104 1260 1225 1306 dictu
1241 1299 1251 1317 ,
1280 1261 1377 1307 viva
1401 1278 1478 1306 ca-

100 1330 272 1379 davera.
309 1332 420 1377 Nam
449 1332 482 1377 si
514 1349 603 1377 non
629 1348 696 1376 eas
727 1331 907 1388 occidit,
940 1331 1048 1395 quid
1075 1349 1150 1378 vos
1179 1332 1225 1377 in
1260 1332 1335 1377 tali
1365 1331 1481 1378 facto

100 1402 318 1449 metuitis?
351 1402 395 1448 Si
425 1414 569 1448 autem
601 1401 865 1448 occiduntur
893 1419 995 1448 cum
1027 1402 1340 1466 decerpuntur,
1368 1420 1482 1466 quo-

100 1472 233 1519 modo
256 1474 314 1520 eis
336 1473 445 1519 inest
462 1474 566 1529 vita,
587 1473 657 1518 cui
677 1473 920 1536 purgandae
942 1484 1070 1537 atque
1094 1474 1339 1519 recreandae
1362 1491 1484 1518 man-

101 1542 305 1590 ducando
325 1555 451 1607 atque
477 1543 692 1589 ructando
714 1561 789 1589 vos
814 1544 995 1590 asseritis
1020 1544 1278 1590 subvenire?
1302 1544 1482 1606 Accipi—

101 1614 155 1659 tis
176 1631 274 1674 ergo
298 1615 488 1661 viventes
511 1614 778 1670 cucurbitas,
808 1630 915 1677 quas
930 1651 941 1670 ,
975 1614 1009 1659 si
1032 1615 1210 1678 possetis
1226 1652 1236 1671 ,
1274 1614 1485 1675 deglutire

103 1684 412 1731 deberetistut
441 1696 540 1749 post
570 1685 681 1731 illud
716 1702 852 1731 unum
886 1685 1061 1742 vulnus,
1096 1686 1140 1731 in
1163 1703 1252 1750 quo
1283 1703 1352 1731 eas
1384 1703 1487 1732 cum

104 1755 320 1820 decerpsit
338 1767 475 1802 vester
497 1756 698 1812 Auditor,
722 1773 816 1802 reus
834 1755 972 1802 factus
992 1767 1071 1812 est,
1092 1768 1231 1802 vestra
1250 1757 1486 1816 indulgen-

105 1825 165 1872 tia
195 1826 473 1882 liberandus3
500 1827 648 1873 saltem
680 1827 886 1890 deinceps
917 1826 972 1872 ad
1002 1827 1219 1873 officinam
1253 1826 1486 1891 aqualiculi

109 1897 256 1955 vestri,
278 1898 357 1944 ubi
383 1903 524 1945 Deum
548 1909 737 1945 vestrum
756 1898 830 1943 illo
849 1898 1002 1960 praelio
1028 1898 1318 1954 confractum,
1346 1897 1486 1943 refor-

110 1986 228 2014 mare
252 1971 454 2033 possetis,
489 1970 635 2016 illaesae
669 1980 796 2034 atque
823 1969 1003 2029 integrae
1038 1970 1325 2033 pervenirent.
1358 1969 1487 2014 Nunc

114 2051 254 2085 autem
286 2051 517 2104 antequam
540 2041 597 2086 eis
621 2040 890 2086 conterendis
913 2040 1061 2087 dentes
1093 2041 1372 2097 incumbant,
1400 2040 1489 2085 mi-

112 2111 318 2167 nutatim,
348 2111 382 2157 si
414 2111 501 2157 hoc
523 2111 670 2174 palato
694 2111 924 2175 placuerit,
959 2111 1255 2157 conciduntur
1281 2129 1303 2156 a
1329 2110 1452 2158 vobis
1473 2128 1485 2155 ε

115 2181 276 2244 quibus
301 2192 389 2227 tam
413 2183 575 2229 crebris
598 2182 851 2230 vulneribus
870 2200 1035 2240 earum,
1064 2182 1284 2246 quomodo
1303 2199 1379 2229 vos
1401 2199 1490 2227 non

116 2252 214 2297 estis
231 2252 323 2298 rei?
346 2252 498 2298 Videte
514 2252 884 2316 quemadmodum
904 2253 1030 2299 vobis
1048 2252 1281 2317 expediret,
1305 2262 1354 2297 ut
1370 2250 1491 2314 quod

118 2338 205 2367 uno
235 2323 282 2368 in
310 2334 472 2387 septem
499 2323 652 2370 diebus
673 2322 841 2369 faciunt
864 2325 889 2370 J
895 2324 1028 2381 udaei,
1055 2341 1131 2370 vos
1151 2322 1345 2387 quotidie
1370 2323 1491 2368 face-

118 2393 236 2449 retis,
258 2404 300 2440 et
317 2413 341 2441 a
358 2395 436 2441 tali
461 2396 589 2442 etiam
607 2395 841 2441 domestico
861 2413 990 2459 opere
1015 2395 1242 2441 cessaretis.
1262 2394 1287 2438 J
1293 2410 1361 2439 am
1381 2392 1489 2456 quid

119 2463 166 2510 in
196 2466 293 2525 igne
323 2467 566 2513 cucurbitae
593 2467 848 2530 patiuntur,
879 2467 958 2513 ubi
987 2477 1100 2513 certe
1124 2483 1212 2512 non
1234 2463 1494 2510 reformatur

119 2535 228 2593 vita,
254 2554 354 2601 quae
376 2538 425 2584 in
450 2538 508 2585 eis
532 2541 623 2585 esti>
647 2538 747 2584 Non
770 2538 886 2585 enim
907 2537 1075 2585 fervens
1098 2537 1183 2584 olla
1212 2545 1361 2582 sancto
1384 2549 1496 2582 ven-

124 2607 181 2655 tri
197 2608 444 2673 comparari
466 2619 636 2675 potest:
652 2619 695 2656 et
718 2619 863 2656 tamen
878 2608 1085 2667 irridetis,
1107 2618 1316 2672 tanquam
1339 2622 1495 2671 super-
