1795 3253
296 313 467 343 coix'ruA
506 310 707 342 mustum
742 309 1042 351 nimicuAEml,
1082 312 1168 341 Llss.
1211 313 1301 342 xxi.
1397 298 1490 358 549

114 379 207 425 lum
227 379 436 425 saeculum
454 415 464 429 ,
492 378 605 423 sicut
630 376 842 440 scriptum
861 385 922 420 est
950 393 960 420 ε
986 397 1005 416 «
1028 377 1086 421 Ut
1117 377 1315 422 eximeret
1339 394 1415 423 nos
1435 377 1487 422 de

116 472 136 492 »
155 450 358 514 praesenti
390 449 549 494 saeculo
577 447 766 506 maligno
783 445 816 492 4.
851 468 871 487 n
902 446 1005 492 Tale
1027 457 1089 492 est
1120 447 1235 492 enim
1267 458 1310 493 et
1334 447 1444 494 illud
1472 465 1481 492 :

115 542 134 561 «
156 521 355 577 Quorum
367 519 471 565 deus
483 529 631 564 venter
648 518 728 564 est²
743 535 753 562 :
771 516 882 562 »nisi
896 528 1000 563 esset
1020 517 1083 563 ibi
1104 535 1114 562 t
1134 518 1351 574 Quorum,
1366 518 1485 564 nullo

115 590 246 636 modo
264 589 450 644 diceret,
475 589 579 635 deus
599 599 759 635 venter.
785 588 874 633 Nec
895 587 940 633 in
959 588 1131 633 Psalmo
1151 588 1367 634 daemonia
1388 607 1484 652 pos-

114 671 206 707 sent
242 660 303 706 dii
339 659 572 724 appellari,
608 659 690 705 nisi
725 657 979 715 adderetur,
1009 659 1214 719 gentium.
1259 659 1330 704 Sic
1370 660 1483 705 enim

115 731 326 794 scriptum
347 741 410 775 est
432 748 442 775 ι
472 751 492 771 <c
522 730 740 786 Quoniam
766 728 827 774 dii
847 730 1038 789 gentium
1058 729 1320 776 daemoniass.
1353 752 1372 771 ))
1401 729 1484 775 Hic

114 812 258 847 autem
275 839 285 858 ‚
306 818 384 847 nec
405 802 519 847 Deus
537 801 670 860 hujus
689 800 835 846 saeculi
855 837 865 856 ,
886 817 965 845 nec
987 817 1175 863 quorum
1194 800 1298 846 deus
1316 811 1481 857 venter,

115 889 192 918 nec
211 872 273 918 dii
295 872 487 932 gentium
508 871 723 917 daemonia
753 888 764 915 ε
792 869 864 916 sed
888 870 1143 933 simpliciter
1176 871 1367 934 positum
1390 882 1482 927 est,

114 945 231 989 Deus
257 944 514 1006 temperavit
550 958 710 1005 corpus
733 959 743 986 ε
770 941 846 1005 qui
877 959 964 987 non
997 951 1140 1004 potest
1168 942 1376 1002 intelligi,
1406 942 1488 986 nisi

114 1015 229 1060 Deus
250 1031 377 1060 verus
408 1015 603 1059 omnium
630 1015 824 1059 Creator.
869 1012 950 1057 Illa
980 1012 1096 1057 enim
1131 1028 1231 1057 cum
1261 1012 1486 1075 vitupera-

114 1085 229 1130 tione
252 1084 460 1130 dicuntur
477 1121 487 1140 ‚
522 1084 610 1129 hoc
635 1093 778 1128 autem
806 1099 906 1128 cum
931 1081 1059 1127 laude
1091 1082 1259 1128 dictum
1283 1094 1359 1128 est.
1396 1082 1486 1127 Nisi

110 1155 222 1200 forte
245 1155 386 1200 Deum
412 1165 667 1216 temperasse
699 1170 881 1216 corpus,
919 1170 1006 1198 non
1042 1152 1322 1216 dispositione
1345 1170 1486 1198 meni-

111 1226 294 1272 brorum
313 1263 324 1281 ‚
352 1225 438 1271 hoc
469 1235 558 1281 est,
590 1223 848 1269 fabricando
873 1234 915 1269 et
944 1223 1235 1269 construendo
1253 1261 1263 1279 ‚
1297 1223 1370 1269 sed
1404 1223 1485 1268 ad-

113 1297 315 1342 mixtione
343 1296 452 1342 lucis
485 1313 600 1348 suae,
637 1297 818 1340 Faustus
852 1294 1079 1354 intelligit3
1116 1305 1162 1340 ut
1191 1295 1354 1340 scilicet
1384 1294 1483 1340 haec

112 1366 308 1411 membra
329 1366 386 1411 ita
407 1365 609 1411 distincta
629 1375 670 1410 et
687 1364 827 1410 locata
848 1365 932 1409 suis
950 1363 1122 1410 sedibus
1143 1364 1248 1410 alter
1272 1364 1481 1428 posuerit,

113 1436 189 1500 qui
227 1437 313 1483 1100
347 1436 603 1489 fabricavit3
644 1437 759 1480 Deus
801 1446 943 1481 autem
984 1435 1205 1480 miscendo
1244 1435 1483 1480 bonitatem

111 1525 232 1553 suam
248 1545 258 1563 ‚
296 1508 428 1567 hujus
463 1506 643 1552 fabricae
685 1505 895 1551 malitiam
938 1506 1254 1568 temperaverit.
1304 1505 1484 1551 Talibus

111 1580 225 1624 enim
239 1577 400 1624 fabulis
418 1577 602 1641 pueriles
621 1577 784 1623 animas
801 1576 1022 1622 hebetant.
1050 1576 1133 1621 Sed
1154 1593 1291 1639 neque
1310 1576 1395 1621 hoc
1415 1594 1484 1621 eos

109 1666 234 1712 posse
265 1648 408 1694 dicere
439 1647 634 1711 permisit
650 1647 907 1692 subveniens
937 1649 1050 1692 Deus
1076 1647 1271 1708 parvulis
1306 1664 1385 1709 per
1410 1664 1485 1692 ora

111 1729 374 1764 sanctorum.
402 1718 548 1763 Habes
568 1717 682 1761 enim
700 1726 741 1760 et
759 1716 890 1778 paulo
910 1716 1106 1778 superius
1130 1733 1139 1760 :
1162 1737 1181 1756 «
1202 1717 1315 1761 Deus
1337 1718 1485 1780 posuit

111 1809 133 1831 ))
156 1788 349 1833 membra
382 1786 601 1846 singulum
633 1785 838 1848 quodque
872 1802 1019 1830 eorum
1056 1787 1100 1830 in
1131 1802 1312 1849 corpore
1349 1799 1484 1850 prout

112 1881 133 1901 2)
152 1858 304 1905 Voluit.
329 1880 349 1900 »
376 1858 485 1915 Quis
504 1860 594 1916 jam
618 1874 705 1902 non
723 1856 935 1916 intelligat
965 1856 1204 1902 secundum
1229 1856 1315 1904 hoc
1342 1859 1482 1905 Deum

111 1929 280 1975 dictum
298 1938 628 1991 temperatorem
656 1927 852 1989 corporis
871 1964 882 1983 ‚
904 1926 1024 1990 quod
1043 1944 1088 1972 ex
1109 1927 1256 1973 multis
1277 1929 1483 1975 membris

112 2016 272 2064 corpus
294 1998 552 2053 fabricavit‚
582 1997 723 2043 officia
743 1996 1009 2043 diversorum
1031 2014 1213 2061 operum
1238 1998 1282 2043 in
1307 1999 1482 2046 unitatis

112 2087 321 2134 compage
341 2068 645 2115 servantibus?

176 2142 232 2188 X.
274 2141 433 2186 Dicant
464 2157 564 2200 ergo
598 2139 833 2185 Manichaei
857 2149 1006 2184 utrum
1036 2137 1259 2195 animalia,
1290 2156 1390 2203 quae
1412 2158 1481 2186 se-

111 2211 306 2258 cundum
332 2209 615 2256 deliramenta
644 2227 793 2255 eorum
825 2208 938 2272 Hyle
966 2207 1254 2255 fabricaverat
1284 2209 1330 2254 in
1359 2222 1482 2270 gente

110 2285 386 2331 tenebrarum
403 2320 414 2339 ‚
435 2293 667 2346 antequam
685 2282 770 2328 illis
787 2283 901 2327 Deus
915 2281 1057 2327 lucem
1082 2298 1201 2327 suam
1224 2282 1479 2339 miscuisset,

111 2372 201 2401 non
219 2353 447 2400 habebant
463 2353 588 2399 istam
608 2353 905 2398 membrorum
929 2351 1207 2398 concordiam
1225 2389 1237 2408 ‚
1265 2369 1396 2415 quam
1420 2354 1482 2399 sic

109 2425 263 2472 laudat
297 2425 560 2489 Apostolus:
588 2426 786 2470 «Utrum
823 2423 887 2469 ibi
920 2423 1082 2470 diceret
1105 2434 1240 2486 caput
1263 2423 1477 2486 pedibus,

111 2518 133 2539 »
154 2506 227 2542 aut
251 2496 403 2542 oculus
427 2496 575 2541 manui
603 2513 613 2541 t
641 2496 767 2558 Opus
791 2506 831 2540 te
854 2511 941 2539 non
964 2493 1130 2540 habeo&
1158 2512 1167 2538 ε
1191 2516 1210 2535 >1
1245 2494 1480 2558 Nunquam

111 2567 199 2617 hoc
215 2567 439 2624 dixerunt,
460 2585 539 2613 nec
559 2567 700 2614 dicere
719 2577 959 2631 potuerunt
980 2585 990 2612 t
1013 2566 1115 2612 tales
1136 2565 1252 2612 enim
1275 2565 1333 2611 eis
1359 2577 1478 2612 actus

160 2651 170 2674 ¹
189 2651 293 2684 Galat.
315 2662 342 2690 1,
363 2657 392 2688 4.
413 2668 456 2674 -
475 2649 490 2672 ²
508 2650 623 2694 Philip.
644 2661 692 2689 ιιι,
715 2662 765 2692 ¹9·
787 2667 830 2674 —
848 2648 862 2673 3
880 2651 959 2684 Psal.
975 2660 1046 2693 xcv,
1065 2652 1098 2682 5.
1119 2667 1164 2673 -
1180 2646 1194 2671 ⁴
1216 2661 1228 2681 1
1252 2652 1276 2683 (ᾇ
1291 2660 1327 2682 ιν.
1347 2660 1409 2692 xit,
1429 2661 1486 2684 21.
