<?xml version="1.0" encoding="UTF-8"?>
<!DOCTYPE html PUBLIC "-//W3C//DTD XHTML 1.0 Transitional//EN"
    "http://www.w3.org/TR/xhtml1/DTD/xhtml1-transitional.dtd">
<html xmlns="http://www.w3.org/1999/xhtml" xml:lang="en" lang="en">
 <head>
  <title>
</title>
<meta http-equiv="Content-Type" content="text/html;charset=utf-8" />
  <meta name='ocr-system' content='tesseract 3.04.00' />
  <meta name='ocr-capabilities' content='ocr_page ocr_carea ocr_par ocr_line ocrx_word'/>
</head>
<body>
  <div class='ocr_page' id='page_1' title='image "./operaomniaaccura28auguuoft/operaomniaaccura28auguuoft_0090.png"; bbox 0 0 1795 3253; ppageno 0'>
   <div class='ocr_carea' id='block_1_1' title="bbox 333 257 1313 303">
    <p class='ocr_par' dir='ltr' id='par_1_1' title="bbox 333 257 1313 303">
     <span class='ocr_line' id='line_1_1' title="bbox 333 257 1313 303; baseline -0.004 -1"><span class='ocrx_word' id='word_1_1' title='bbox 333 257 394 303; x_wconf 83' lang='lat'>80</span> <span class='ocrx_word' id='word_1_2' title='bbox 752 269 786 299; x_wconf 80' lang='lat' dir='ltr'>s,</span> <span class='ocrx_word' id='word_1_3' title='bbox 831 267 1072 300; x_wconf 74' lang='lat' dir='ltr'>Aecusrrm</span> <span class='ocrx_word' id='word_1_4' title='bbox 1110 267 1313 299; x_wconf 74' lang='lat' dir='ltr'>Eelscopi</span> 
     </span>
    </p>
   </div>
   <div class='ocr_carea' id='block_1_2' title="bbox 323 333 1720 2658">
    <p class='ocr_par' dir='ltr' id='par_1_2' title="bbox 334 333 1716 538">
     <span class='ocr_line' id='line_1_2' title="bbox 334 333 1716 398; baseline -0.003 -15"><span class='ocrx_word' id='word_1_5' title='bbox 334 338 418 383; x_wconf 85' lang='lat' dir='ltr'>hac</span> <span class='ocrx_word' id='word_1_6' title='bbox 441 345 577 381; x_wconf 83' lang='lat' dir='ltr'>morte</span> <span class='ocrx_word' id='word_1_7' title='bbox 615 333 791 379; x_wconf 89' lang='lat' dir='ltr'>liberari</span> <span class='ocrx_word' id='word_1_8' title='bbox 816 351 826 379; x_wconf 72' lang='grc' dir='ltr'><strong>ε</strong></span> <span class='ocrx_word' id='word_1_9' title='bbox 855 350 955 398; x_wconf 82' lang='lat' dir='ltr'>quae</span> <span class='ocrx_word' id='word_1_10' title='bbox 987 345 1062 381; x_wconf 88' lang='lat' dir='ltr'>aut</span> <span class='ocrx_word' id='word_1_11' title='bbox 1085 334 1222 380; x_wconf 84' lang='lat' dir='ltr'>aliena</span> <span class='ocrx_word' id='word_1_12' title='bbox 1255 343 1317 379; x_wconf 87' lang='lat' dir='ltr'>est</span> <span class='ocrx_word' id='word_1_13' title='bbox 1356 351 1379 379; x_wconf 91' lang='lat' dir='ltr'>a</span> <span class='ocrx_word' id='word_1_14' title='bbox 1412 333 1504 380; x_wconf 88' lang='lat' dir='ltr'>Deo</span> <span class='ocrx_word' id='word_1_15' title='bbox 1524 370 1534 389; x_wconf 76' lang='grc'>,</span> <span class='ocrx_word' id='word_1_16' title='bbox 1581 343 1656 380; x_wconf 89' lang='lat' dir='ltr'>aut</span> <span class='ocrx_word' id='word_1_17' title='bbox 1680 333 1716 379; x_wconf 91' lang='lat' dir='ltr'>si</span> 
     </span>
     <span class='ocr_line' id='line_1_3' title="bbox 334 404 1715 471; baseline -0.001 -20"><span class='ocrx_word' id='word_1_18' title='bbox 334 407 513 471; x_wconf 83' lang='lat' dir='ltr'>propria</span> <span class='ocrx_word' id='word_1_19' title='bbox 538 416 599 451; x_wconf 85' lang='lat' dir='ltr'>est</span> <span class='ocrx_word' id='word_1_20' title='bbox 624 405 727 460; x_wconf 81' lang='lat' dir='ltr'>Dei,</span> <span class='ocrx_word' id='word_1_21' title='bbox 749 416 791 451; x_wconf 92' lang='lat' dir='ltr'>et</span> <span class='ocrx_word' id='word_1_22' title='bbox 810 405 1104 451; x_wconf 76' lang='lat' dir='ltr'>misericordia</span> <span class='ocrx_word' id='word_1_23' title='bbox 1124 409 1214 464; x_wconf 75' lang='lat' dir='ltr'>eJus</span> <span class='ocrx_word' id='word_1_24' title='bbox 1233 414 1390 461; x_wconf 87' lang='lat' dir='ltr'>cessat,</span> <span class='ocrx_word' id='word_1_25' title='bbox 1414 415 1455 450; x_wconf 90' lang='lat' dir='ltr'>et</span> <span class='ocrx_word' id='word_1_26' title='bbox 1472 404 1715 450; x_wconf 85' lang='lat' dir='ltr'>liberatoris</span> 
     </span>
     <span class='ocr_line' id='line_1_4' title="bbox 336 475 1040 538; baseline -0.009 -16"><span class='ocrx_word' id='word_1_27' title='bbox 336 493 491 522; x_wconf 89' lang='lat' dir='ltr'>nomen</span> <span class='ocrx_word' id='word_1_28' title='bbox 507 513 518 525; x_wconf 83' lang='grc'><strong>.</strong></span> <span class='ocrx_word' id='word_1_29' title='bbox 541 486 583 520; x_wconf 89' lang='lat' dir='ltr'>et</span> <span class='ocrx_word' id='word_1_30' title='bbox 603 492 734 538; x_wconf 89' lang='lat' dir='ltr'>opera</span> <span class='ocrx_word' id='word_1_31' title='bbox 755 475 993 522; x_wconf 76' lang='lat' dir='ltr'>liberantis.</span> <span class='ocrx_word' id='word_1_32' title='bbox 1020 498 1040 517; x_wconf 87' lang='lat'>»</span> 
     </span>
    </p>

    <p class='ocr_par' dir='ltr' id='par_1_3' title="bbox 335 545 1718 735">
     <span class='ocr_line' id='line_1_5' title="bbox 399 545 1716 610; baseline -0.002 -17"><span class='ocrx_word' id='word_1_33' title='bbox 399 547 523 593; x_wconf 67' lang='lat' dir='ltr'>Vlll.</span> <span class='ocrx_word' id='word_1_34' title='bbox 556 546 668 592; x_wconf 70' lang='lat' dir='ltr'>Aue.</span> <span class='ocrx_word' id='word_1_35' title='bbox 700 545 807 591; x_wconf 82' lang='lat' dir='ltr'>dixit</span> <span class='ocrx_word' id='word_1_36' title='bbox 830 564 840 591; x_wconf 89' lang='lat'>:</span> <span class='ocrx_word' id='word_1_37' title='bbox 874 547 963 606; x_wconf 84' lang='lat' dir='ltr'>Ego</span> <span class='ocrx_word' id='word_1_38' title='bbox 983 564 1133 610; x_wconf 64' lang='lat' dir='ltr'>quaero</span> <span class='ocrx_word' id='word_1_39' title='bbox 1150 545 1520 610; x_wconf 77' lang='lat' dir='ltr'>quemadmodum</span> <span class='ocrx_word' id='word_1_40' title='bbox 1537 545 1583 591; x_wconf 91' lang='lat' dir='ltr'>in</span> <span class='ocrx_word' id='word_1_41' title='bbox 1601 562 1716 591; x_wconf 91' lang='lat' dir='ltr'>mor-</span> 
     </span>
     <span class='ocr_line' id='line_1_6' title="bbox 335 616 1718 682; baseline -0.001 -18"><span class='ocrx_word' id='word_1_42' title='bbox 335 629 420 664; x_wconf 86' lang='lat' dir='ltr'>tem</span> <span class='ocrx_word' id='word_1_43' title='bbox 459 617 701 663; x_wconf 72' lang='lat' dir='ltr'>venerimus</span> <span class='ocrx_word' id='word_1_44' title='bbox 719 655 728 672; x_wconf 85' lang='lat'>,</span> <span class='ocrx_word' id='word_1_45' title='bbox 774 628 815 662; x_wconf 90' lang='lat' dir='ltr'>et</span> <span class='ocrx_word' id='word_1_46' title='bbox 851 628 898 664; x_wconf 91' lang='lat' dir='ltr'>tu</span> <span class='ocrx_word' id='word_1_47' title='bbox 937 618 1046 664; x_wconf 84' lang='lat' dir='ltr'>dicis</span> <span class='ocrx_word' id='word_1_48' title='bbox 1086 616 1457 682; x_wconf 80' lang='lat' dir='ltr'>quemadmodum</span> <span class='ocrx_word' id='word_1_49' title='bbox 1495 617 1549 663; x_wconf 91' lang='lat' dir='ltr'>de</span> <span class='ocrx_word' id='word_1_50' title='bbox 1580 627 1718 663; x_wconf 88' lang='lat' dir='ltr'>morte</span> 
     </span>
     <span class='ocr_line' id='line_1_7' title="bbox 336 690 582 735; baseline 0 0"><span class='ocrx_word' id='word_1_51' title='bbox 336 690 582 735; x_wconf 86' lang='lat' dir='ltr'>liberemur.</span> 
     </span>
    </p>

    <p class='ocr_par' dir='ltr' id='par_1_4' title="bbox 332 757 1718 1034">
     <span class='ocr_line' id='line_1_8' title="bbox 399 757 1717 822; baseline 0 -18"><span class='ocrx_word' id='word_1_52' title='bbox 399 761 532 805; x_wconf 75' lang='lat' dir='ltr'>Fonr.</span> <span class='ocrx_word' id='word_1_53' title='bbox 576 758 682 804; x_wconf 71' lang='lat' dir='ltr'>dixit</span> <span class='ocrx_word' id='word_1_54' title='bbox 708 775 719 803; x_wconf 71' lang='grc' dir='ltr'><em>ε</em></span> <span class='ocrx_word' id='word_1_55' title='bbox 763 780 782 800; x_wconf 90' lang='lat'>«</span> <span class='ocrx_word' id='word_1_56' title='bbox 813 759 879 804; x_wconf 88' lang='lat' dir='ltr'>Ita</span> <span class='ocrx_word' id='word_1_57' title='bbox 913 760 1144 822; x_wconf 79' lang='lat' dir='ltr'>Apostolus</span> <span class='ocrx_word' id='word_1_58' title='bbox 1171 759 1278 804; x_wconf 80' lang='lat' dir='ltr'>dixit</span> <span class='ocrx_word' id='word_1_59' title='bbox 1305 758 1527 822; x_wconf 89' lang='lat' dir='ltr'>quomodo</span> <span class='ocrx_word' id='word_1_60' title='bbox 1562 757 1717 804; x_wconf 87' lang='lat' dir='ltr'>sentire</span> 
     </span>
     <span class='ocr_line' id='line_1_9' title="bbox 336 829 1716 894; baseline -0.001 -19"><span class='ocrx_word' id='word_1_61' title='bbox 336 830 568 876; x_wconf 78' lang='lat' dir='ltr'>debeamus</span> <span class='ocrx_word' id='word_1_62' title='bbox 587 829 640 874; x_wconf 88' lang='lat' dir='ltr'>de</span> <span class='ocrx_word' id='word_1_63' title='bbox 665 829 819 875; x_wconf 87' lang='lat' dir='ltr'>animis</span> <span class='ocrx_word' id='word_1_64' title='bbox 853 831 1032 886; x_wconf 87' lang='lat' dir='ltr'>nostris,</span> <span class='ocrx_word' id='word_1_65' title='bbox 1064 829 1184 894; x_wconf 90' lang='lat' dir='ltr'>quod</span> <span class='ocrx_word' id='word_1_66' title='bbox 1206 829 1409 875; x_wconf 84' lang='lat' dir='ltr'>Christus</span> <span class='ocrx_word' id='word_1_67' title='bbox 1430 829 1557 874; x_wconf 89' lang='lat' dir='ltr'>nobis</span> <span class='ocrx_word' id='word_1_68' title='bbox 1576 839 1716 874; x_wconf 87' lang='lat' dir='ltr'>osten·</span> 
     </span>
     <span class='ocr_line' id='line_1_10' title="bbox 335 899 1715 963; baseline -0.001 -17"><span class='ocrx_word' id='word_1_69' title='bbox 335 900 413 947; x_wconf 89' lang='lat' dir='ltr'>dit.</span> <span class='ocrx_word' id='word_1_70' title='bbox 449 900 493 945; x_wconf 79' lang='lat' dir='ltr'>Si</span> <span class='ocrx_word' id='word_1_71' title='bbox 516 899 599 945; x_wconf 86' lang='lat' dir='ltr'>fuit</span> <span class='ocrx_word' id='word_1_72' title='bbox 620 899 820 945; x_wconf 82' lang='lat' dir='ltr'>Christus</span> <span class='ocrx_word' id='word_1_73' title='bbox 841 900 885 945; x_wconf 87' lang='lat' dir='ltr'>in</span> <span class='ocrx_word' id='word_1_74' title='bbox 904 901 1101 963; x_wconf 81' lang='lat' dir='ltr'>passione</span> <span class='ocrx_word' id='word_1_75' title='bbox 1120 910 1161 945; x_wconf 81' lang='lat' dir='ltr'>et</span> <span class='ocrx_word' id='word_1_76' title='bbox 1180 911 1317 946; x_wconf 80' lang='lat' dir='ltr'>morte</span> <span class='ocrx_word' id='word_1_77' title='bbox 1334 938 1345 956; x_wconf 85' lang='lat'>,</span> <span class='ocrx_word' id='word_1_78' title='bbox 1369 910 1410 945; x_wconf 83' lang='lat' dir='ltr'>et</span> <span class='ocrx_word' id='word_1_79' title='bbox 1433 916 1508 945; x_wconf 91' lang='lat' dir='ltr'>nos</span> <span class='ocrx_word' id='word_1_80' title='bbox 1536 917 1546 945; x_wconf 91' lang='lat'><strong>:</strong></span> <span class='ocrx_word' id='word_1_81' title='bbox 1575 899 1609 945; x_wconf 90' lang='lat' dir='ltr'>si</span> <span class='ocrx_word' id='word_1_82' title='bbox 1631 916 1715 946; x_wconf 84' lang='lat' dir='ltr'>vo-</span> 
     </span>
     <span class='ocr_line' id='line_1_11' title="bbox 332 969 1718 1034; baseline -0.001 -18"><span class='ocrx_word' id='word_1_83' title='bbox 332 971 497 1017; x_wconf 84' lang='lat' dir='ltr'>luntate</span> <span class='ocrx_word' id='word_1_84' title='bbox 517 970 657 1015; x_wconf 83' lang='lat' dir='ltr'>Patris</span> <span class='ocrx_word' id='word_1_85' title='bbox 675 969 899 1016; x_wconf 87' lang='lat' dir='ltr'>descendit</span> <span class='ocrx_word' id='word_1_86' title='bbox 917 971 962 1015; x_wconf 93' lang='lat' dir='ltr'>in</span> <span class='ocrx_word' id='word_1_87' title='bbox 981 971 1221 1034; x_wconf 83' lang='lat' dir='ltr'>passionem</span> <span class='ocrx_word' id='word_1_88' title='bbox 1244 981 1286 1016; x_wconf 90' lang='lat' dir='ltr'>et</span> <span class='ocrx_word' id='word_1_89' title='bbox 1302 982 1505 1026; x_wconf 87' lang='lat' dir='ltr'>mortem,</span> <span class='ocrx_word' id='word_1_90' title='bbox 1528 981 1571 1015; x_wconf 91' lang='lat' dir='ltr'>et</span> <span class='ocrx_word' id='word_1_91' title='bbox 1588 987 1677 1015; x_wconf 85' lang='lat' dir='ltr'>nos.</span> <span class='ocrx_word' id='word_1_92' title='bbox 1697 992 1718 1011; x_wconf 89' lang='lat'>»</span> 
     </span>
    </p>

    <p class='ocr_par' dir='ltr' id='par_1_5' title="bbox 328 1039 1720 2162">
     <span class='ocr_line' id='line_1_12' title="bbox 399 1039 1718 1087; baseline -0.002 0"><span class='ocrx_word' id='word_1_93' title='bbox 399 1043 475 1087; x_wconf 75' lang='lat' dir='ltr'>lx.</span> <span class='ocrx_word' id='word_1_94' title='bbox 508 1043 619 1087; x_wconf 74' lang='lat' dir='ltr'>Ate.</span> <span class='ocrx_word' id='word_1_95' title='bbox 645 1039 752 1086; x_wconf 79' lang='lat' dir='ltr'>dixit</span> <span class='ocrx_word' id='word_1_96' title='bbox 776 1058 786 1085; x_wconf 92' lang='lat'>:</span> <span class='ocrx_word' id='word_1_97' title='bbox 812 1041 974 1086; x_wconf 83' lang='lat' dir='ltr'>Notum</span> <span class='ocrx_word' id='word_1_98' title='bbox 995 1051 1057 1086; x_wconf 88' lang='lat' dir='ltr'>est</span> <span class='ocrx_word' id='word_1_99' title='bbox 1075 1041 1278 1086; x_wconf 87' lang='lat' dir='ltr'>omnibus</span> <span class='ocrx_word' id='word_1_100' title='bbox 1299 1039 1564 1086; x_wconf 78' lang='lat' dir='ltr'>catholicam</span> <span class='ocrx_word' id='word_1_101' title='bbox 1585 1039 1718 1085; x_wconf 88' lang='lat' dir='ltr'>fidem</span> 
     </span>
     <span class='ocr_line' id='line_1_13' title="bbox 336 1110 1720 1173; baseline -0.001 -16"><span class='ocrx_word' id='word_1_102' title='bbox 336 1112 393 1157; x_wconf 86' lang='lat' dir='ltr'>ita</span> <span class='ocrx_word' id='word_1_103' title='bbox 417 1129 458 1156; x_wconf 87' lang='lat' dir='ltr'>se</span> <span class='ocrx_word' id='word_1_104' title='bbox 490 1111 653 1156; x_wconf 85' lang='lat' dir='ltr'>habere</span> <span class='ocrx_word' id='word_1_105' title='bbox 672 1148 682 1166; x_wconf 75' lang='lat'>‚</span> <span class='ocrx_word' id='word_1_106' title='bbox 719 1110 840 1173; x_wconf 85' lang='lat' dir='ltr'>quod</span> <span class='ocrx_word' id='word_1_107' title='bbox 876 1112 1088 1156; x_wconf 87' lang='lat' dir='ltr'>Dominus</span> <span class='ocrx_word' id='word_1_108' title='bbox 1113 1121 1283 1165; x_wconf 84' lang='lat' dir='ltr'>noster,</span> <span class='ocrx_word' id='word_1_109' title='bbox 1312 1110 1357 1155; x_wconf 86' lang='lat' dir='ltr'>id</span> <span class='ocrx_word' id='word_1_110' title='bbox 1392 1120 1474 1166; x_wconf 84' lang='lat' dir='ltr'>est,</span> <span class='ocrx_word' id='word_1_111' title='bbox 1506 1110 1653 1155; x_wconf 73' lang='lat' dir='ltr'>Virtus</span> <span class='ocrx_word' id='word_1_112' title='bbox 1677 1120 1720 1155; x_wconf 88' lang='lat' dir='ltr'>et</span> 
     </span>
     <span class='ocr_line' id='line_1_14' title="bbox 334 1180 1719 1245; baseline -0.001 -18"><span class='ocrx_word' id='word_1_113' title='bbox 334 1182 555 1245; x_wconf 76' lang='lat' dir='ltr'>Sapientia</span> <span class='ocrx_word' id='word_1_114' title='bbox 580 1181 658 1225; x_wconf 84' lang='lat' dir='ltr'>Dei</span> <span class='ocrx_word' id='word_1_115' title='bbox 674 1217 684 1236; x_wconf 83' lang='lat'><strong><em>‚</em></strong></span> <span class='ocrx_word' id='word_1_116' title='bbox 710 1192 752 1225; x_wconf 91' lang='lat' dir='ltr'>et</span> <span class='ocrx_word' id='word_1_117' title='bbox 772 1181 965 1226; x_wconf 78' lang='lat' dir='ltr'>Verbum</span> <span class='ocrx_word' id='word_1_118' title='bbox 988 1199 1066 1245; x_wconf 85' lang='lat' dir='ltr'>per</span> <span class='ocrx_word' id='word_1_119' title='bbox 1090 1181 1209 1244; x_wconf 88' lang='lat' dir='ltr'>quod</span> <span class='ocrx_word' id='word_1_120' title='bbox 1230 1180 1346 1226; x_wconf 86' lang='lat' dir='ltr'>facta</span> <span class='ocrx_word' id='word_1_121' title='bbox 1371 1191 1471 1225; x_wconf 82' lang='lat' dir='ltr'>sunt</span> <span class='ocrx_word' id='word_1_122' title='bbox 1490 1181 1653 1237; x_wconf 75' lang='lat' dir='ltr'>omnia,</span> <span class='ocrx_word' id='word_1_123' title='bbox 1677 1191 1719 1226; x_wconf 90' lang='lat' dir='ltr'>et</span> 
     </span>
     <span class='ocr_line' id='line_1_15' title="bbox 333 1250 1717 1315; baseline -0.001 -17"><span class='ocrx_word' id='word_1_124' title='bbox 333 1254 420 1298; x_wconf 88' lang='lat' dir='ltr'>sine</span> <span class='ocrx_word' id='word_1_125' title='bbox 441 1268 530 1315; x_wconf 90' lang='lat' dir='ltr'>quo</span> <span class='ocrx_word' id='word_1_126' title='bbox 553 1250 717 1297; x_wconf 67' lang='lat' dir='ltr'>filetum</span> <span class='ocrx_word' id='word_1_127' title='bbox 740 1262 801 1297; x_wconf 87' lang='lat' dir='ltr'>est</span> <span class='ocrx_word' id='word_1_128' title='bbox 824 1251 938 1297; x_wconf 87' lang='lat' dir='ltr'>nihil</span> <span class='ocrx_word' id='word_1_129' title='bbox 960 1289 970 1307; x_wconf 90' lang='lat'><strong><em>‚</em></strong></span> <span class='ocrx_word' id='word_1_130' title='bbox 1000 1252 1053 1297; x_wconf 88' lang='lat' dir='ltr'>ad</span> <span class='ocrx_word' id='word_1_131' title='bbox 1080 1252 1384 1297; x_wconf 84' lang='lat' dir='ltr'>liberationem</span> <span class='ocrx_word' id='word_1_132' title='bbox 1416 1261 1609 1296; x_wconf 83' lang='lat' dir='ltr'>nostram</span> <span class='ocrx_word' id='word_1_133' title='bbox 1629 1251 1717 1296; x_wconf 91' lang='lat' dir='ltr'>ho-</span> 
     </span>
     <span class='ocr_line' id='line_1_16' title="bbox 332 1322 1717 1386; baseline -0.001 -17"><span class='ocrx_word' id='word_1_134' title='bbox 332 1325 492 1369; x_wconf 88' lang='lat' dir='ltr'>minem</span> <span class='ocrx_word' id='word_1_135' title='bbox 513 1323 716 1385; x_wconf 84' lang='lat' dir='ltr'>suscepit.</span> <span class='ocrx_word' id='word_1_136' title='bbox 750 1323 802 1367; x_wconf 88' lang='lat' dir='ltr'>In</span> <span class='ocrx_word' id='word_1_137' title='bbox 818 1324 913 1386; x_wconf 84' lang='lat' dir='ltr'>ipso</span> <span class='ocrx_word' id='word_1_138' title='bbox 934 1323 1112 1368; x_wconf 85' lang='lat' dir='ltr'>homine</span> <span class='ocrx_word' id='word_1_139' title='bbox 1134 1341 1265 1386; x_wconf 86' lang='lat' dir='ltr'>quem</span> <span class='ocrx_word' id='word_1_140' title='bbox 1291 1323 1505 1385; x_wconf 81' lang='lat' dir='ltr'>suscepit,</span> <span class='ocrx_word' id='word_1_141' title='bbox 1529 1322 1717 1367; x_wconf 87' lang='lat' dir='ltr'>demon-</span> 
     </span>
     <span class='ocr_line' id='line_1_17' title="bbox 332 1391 1718 1455; baseline -0.001 -16"><span class='ocrx_word' id='word_1_142' title='bbox 332 1393 483 1439; x_wconf 74' lang='lat' dir='ltr'>stravit</span> <span class='ocrx_word' id='word_1_143' title='bbox 507 1391 579 1437; x_wconf 91' lang='lat' dir='ltr'>illa</span> <span class='ocrx_word' id='word_1_144' title='bbox 599 1408 698 1454; x_wconf 85' lang='lat' dir='ltr'>quae</span> <span class='ocrx_word' id='word_1_145' title='bbox 722 1391 846 1439; x_wconf 88' lang='lat' dir='ltr'>dicis.</span> <span class='ocrx_word' id='word_1_146' title='bbox 887 1392 975 1437; x_wconf 89' lang='lat' dir='ltr'>Nos</span> <span class='ocrx_word' id='word_1_147' title='bbox 1008 1404 1150 1438; x_wconf 87' lang='lat' dir='ltr'>autem</span> <span class='ocrx_word' id='word_1_148' title='bbox 1183 1410 1300 1438; x_wconf 89' lang='lat' dir='ltr'>nunc</span> <span class='ocrx_word' id='word_1_149' title='bbox 1330 1392 1383 1437; x_wconf 89' lang='lat' dir='ltr'>de</span> <span class='ocrx_word' id='word_1_150' title='bbox 1414 1392 1551 1455; x_wconf 90' lang='lat' dir='ltr'>ipsius</span> <span class='ocrx_word' id='word_1_151' title='bbox 1575 1393 1654 1438; x_wconf 90' lang='lat' dir='ltr'>Dei</span> <span class='ocrx_word' id='word_1_152' title='bbox 1677 1403 1718 1438; x_wconf 90' lang='lat' dir='ltr'>et</span> 
     </span>
     <span class='ocr_line' id='line_1_18' title="bbox 330 1461 1718 1527; baseline 0 -18"><span class='ocrx_word' id='word_1_153' title='bbox 330 1461 561 1509; x_wconf 78' lang='lat' dir='ltr'>ineffabilis</span> <span class='ocrx_word' id='word_1_154' title='bbox 580 1462 814 1522; x_wconf 82' lang='lat' dir='ltr'>majestatis</span> <span class='ocrx_word' id='word_1_155' title='bbox 832 1462 1073 1509; x_wconf 85' lang='lat' dir='ltr'>substantia</span> <span class='ocrx_word' id='word_1_156' title='bbox 1101 1463 1339 1527; x_wconf 83' lang='lat' dir='ltr'>quaerimus</span> <span class='ocrx_word' id='word_1_157' title='bbox 1360 1479 1371 1508; x_wconf 71' lang='grc' dir='ltr'>ε</span> <span class='ocrx_word' id='word_1_158' title='bbox 1399 1473 1548 1508; x_wconf 90' lang='lat' dir='ltr'>utrum</span> <span class='ocrx_word' id='word_1_159' title='bbox 1572 1463 1610 1508; x_wconf 90' lang='lat' dir='ltr'>ei</span> <span class='ocrx_word' id='word_1_160' title='bbox 1633 1463 1718 1509; x_wconf 91' lang='lat' dir='ltr'>ali-</span> 
     </span>
     <span class='ocr_line' id='line_1_19' title="bbox 331 1533 1718 1599; baseline 0 -19"><span class='ocrx_word' id='word_1_161' title='bbox 331 1533 440 1599; x_wconf 90' lang='lat' dir='ltr'>quid</span> <span class='ocrx_word' id='word_1_162' title='bbox 467 1550 621 1579; x_wconf 88' lang='lat' dir='ltr'>nocere</span> <span class='ocrx_word' id='word_1_163' title='bbox 640 1534 803 1597; x_wconf 83' lang='lat' dir='ltr'>possit,</span> <span class='ocrx_word' id='word_1_164' title='bbox 848 1551 993 1580; x_wconf 81' lang='lat' dir='ltr'>annon</span> <span class='ocrx_word' id='word_1_165' title='bbox 1017 1536 1165 1599; x_wconf 86' lang='lat' dir='ltr'>possit.</span> <span class='ocrx_word' id='word_1_166' title='bbox 1199 1535 1244 1581; x_wconf 82' lang='lat' dir='ltr'>Si</span> <span class='ocrx_word' id='word_1_167' title='bbox 1269 1534 1383 1580; x_wconf 90' lang='lat' dir='ltr'>enim</span> <span class='ocrx_word' id='word_1_168' title='bbox 1409 1544 1552 1597; x_wconf 84' lang='lat' dir='ltr'>potest</span> <span class='ocrx_word' id='word_1_169' title='bbox 1574 1535 1611 1580; x_wconf 90' lang='lat' dir='ltr'>ei</span> <span class='ocrx_word' id='word_1_170' title='bbox 1636 1534 1718 1580; x_wconf 86' lang='lat' dir='ltr'>ali-</span> 
     </span>
     <span class='ocr_line' id='line_1_20' title="bbox 331 1605 1717 1669; baseline 0.001 -20"><span class='ocrx_word' id='word_1_171' title='bbox 331 1605 441 1669; x_wconf 89' lang='lat' dir='ltr'>quid</span> <span class='ocrx_word' id='word_1_172' title='bbox 464 1620 641 1659; x_wconf 88' lang='lat' dir='ltr'>nocere‚</span> <span class='ocrx_word' id='word_1_173' title='bbox 665 1622 753 1650; x_wconf 92' lang='lat' dir='ltr'>non</span> <span class='ocrx_word' id='word_1_174' title='bbox 777 1615 838 1650; x_wconf 88' lang='lat' dir='ltr'>est</span> <span class='ocrx_word' id='word_1_175' title='bbox 854 1605 1132 1651; x_wconf 78' lang='lat' dir='ltr'>inviolabilis.</span> <span class='ocrx_word' id='word_1_176' title='bbox 1161 1605 1311 1650; x_wconf 81' lang='lat' dir='ltr'>Sinon</span> <span class='ocrx_word' id='word_1_177' title='bbox 1326 1614 1469 1667; x_wconf 89' lang='lat' dir='ltr'>potest</span> <span class='ocrx_word' id='word_1_178' title='bbox 1493 1605 1531 1650; x_wconf 88' lang='lat' dir='ltr'>ei</span> <span class='ocrx_word' id='word_1_179' title='bbox 1549 1605 1717 1669; x_wconf 90' lang='lat' dir='ltr'>aliquid</span> 
     </span>
     <span class='ocr_line' id='line_1_21' title="bbox 330 1674 1718 1737; baseline 0 -16"><span class='ocrx_word' id='word_1_180' title='bbox 330 1692 485 1722; x_wconf 84' lang='lat' dir='ltr'>nocere</span> <span class='ocrx_word' id='word_1_181' title='bbox 506 1712 516 1730; x_wconf 74' lang='grc'><em>,</em></span> <span class='ocrx_word' id='word_1_182' title='bbox 553 1674 662 1737; x_wconf 87' lang='lat' dir='ltr'>quid</span> <span class='ocrx_word' id='word_1_183' title='bbox 695 1675 734 1720; x_wconf 92' lang='lat' dir='ltr'>ei</span> <span class='ocrx_word' id='word_1_184' title='bbox 765 1674 933 1721; x_wconf 87' lang='lat' dir='ltr'>factura</span> <span class='ocrx_word' id='word_1_185' title='bbox 971 1686 1061 1720; x_wconf 88' lang='lat' dir='ltr'>erat</span> <span class='ocrx_word' id='word_1_186' title='bbox 1084 1692 1184 1735; x_wconf 84' lang='lat' dir='ltr'>gens</span> <span class='ocrx_word' id='word_1_187' title='bbox 1218 1675 1523 1731; x_wconf 84' lang='lat' dir='ltr'>tenebrarum,</span> <span class='ocrx_word' id='word_1_188' title='bbox 1565 1686 1718 1722; x_wconf 88' lang='lat' dir='ltr'>contra</span> 
     </span>
     <span class='ocr_line' id='line_1_22' title="bbox 332 1745 1717 1812; baseline 0 -20"><span class='ocrx_word' id='word_1_189' title='bbox 332 1765 462 1812; x_wconf 89' lang='lat' dir='ltr'>quam</span> <span class='ocrx_word' id='word_1_190' title='bbox 484 1745 629 1791; x_wconf 87' lang='lat' dir='ltr'>dicitis</span> <span class='ocrx_word' id='word_1_191' title='bbox 650 1745 817 1791; x_wconf 91' lang='lat' dir='ltr'>bellum</span> <span class='ocrx_word' id='word_1_192' title='bbox 849 1756 1015 1805; x_wconf 86' lang='lat' dir='ltr'>gestum</span> <span class='ocrx_word' id='word_1_193' title='bbox 1039 1763 1125 1791; x_wconf 86' lang='lat' dir='ltr'>esse</span> <span class='ocrx_word' id='word_1_194' title='bbox 1143 1764 1166 1791; x_wconf 89' lang='lat' dir='ltr'>a</span> <span class='ocrx_word' id='word_1_195' title='bbox 1186 1746 1277 1791; x_wconf 89' lang='lat' dir='ltr'>Deo</span> <span class='ocrx_word' id='word_1_196' title='bbox 1313 1756 1410 1791; x_wconf 87' lang='lat' dir='ltr'>ante</span> <span class='ocrx_word' id='word_1_197' title='bbox 1438 1746 1717 1792; x_wconf 87' lang='lat' dir='ltr'>constitutio-</span> 
     </span>
     <span class='ocr_line' id='line_1_23' title="bbox 330 1815 1715 1880; baseline -0.001 -17"><span class='ocrx_word' id='word_1_198' title='bbox 330 1835 430 1864; x_wconf 86' lang='lat' dir='ltr'>nem</span> <span class='ocrx_word' id='word_1_199' title='bbox 450 1815 605 1862; x_wconf 84' lang='lat' dir='ltr'>mundi</span> <span class='ocrx_word' id='word_1_200' title='bbox 623 1853 633 1872; x_wconf 87' lang='lat'>‚</span> <span class='ocrx_word' id='word_1_201' title='bbox 654 1815 700 1861; x_wconf 87' lang='lat' dir='ltr'>in</span> <span class='ocrx_word' id='word_1_202' title='bbox 719 1833 807 1880; x_wconf 89' lang='lat' dir='ltr'>quo</span> <span class='ocrx_word' id='word_1_203' title='bbox 825 1815 942 1861; x_wconf 88' lang='lat' dir='ltr'>bello</span> <span class='ocrx_word' id='word_1_204' title='bbox 962 1833 1039 1861; x_wconf 90' lang='lat' dir='ltr'>nos</span> <span class='ocrx_word' id='word_1_205' title='bbox 1052 1852 1062 1871; x_wconf 83' lang='lat'>‚</span> <span class='ocrx_word' id='word_1_206' title='bbox 1092 1815 1138 1861; x_wconf 88' lang='lat' dir='ltr'>id</span> <span class='ocrx_word' id='word_1_207' title='bbox 1162 1826 1224 1861; x_wconf 86' lang='lat' dir='ltr'>est</span> <span class='ocrx_word' id='word_1_208' title='bbox 1241 1815 1405 1861; x_wconf 85' lang='lat' dir='ltr'>animas</span> <span class='ocrx_word' id='word_1_209' title='bbox 1420 1852 1431 1871; x_wconf 88' lang='lat'>‚</span> <span class='ocrx_word' id='word_1_210' title='bbox 1460 1832 1568 1878; x_wconf 88' lang='lat' dir='ltr'>quas</span> <span class='ocrx_word' id='word_1_211' title='bbox 1583 1816 1715 1862; x_wconf 91' lang='lat' dir='ltr'>modo</span> 
     </span>
     <span class='ocr_line' id='line_1_24' title="bbox 329 1886 1717 1948; baseline 0 -14"><span class='ocrx_word' id='word_1_212' title='bbox 329 1888 519 1948; x_wconf 83' lang='lat' dir='ltr'>indigere</span> <span class='ocrx_word' id='word_1_213' title='bbox 537 1886 767 1932; x_wconf 87' lang='lat' dir='ltr'>liberatore</span> <span class='ocrx_word' id='word_1_214' title='bbox 790 1886 1070 1932; x_wconf 85' lang='lat' dir='ltr'>manifestum</span> <span class='ocrx_word' id='word_1_215' title='bbox 1097 1897 1182 1941; x_wconf 87' lang='lat' dir='ltr'>est,</span> <span class='ocrx_word' id='word_1_216' title='bbox 1215 1886 1469 1932; x_wconf 86' lang='lat' dir='ltr'>commixtas</span> <span class='ocrx_word' id='word_1_217' title='bbox 1487 1903 1573 1932; x_wconf 89' lang='lat' dir='ltr'>esse</span> <span class='ocrx_word' id='word_1_218' title='bbox 1596 1887 1717 1934; x_wconf 88' lang='lat' dir='ltr'>omni</span> 
     </span>
     <span class='ocr_line' id='line_1_25' title="bbox 330 1956 1716 2021; baseline -0.001 -15"><span class='ocrx_word' id='word_1_219' title='bbox 330 1959 445 2006; x_wconf 85' lang='lat' dir='ltr'>malo</span> <span class='ocrx_word' id='word_1_220' title='bbox 463 1996 473 2015; x_wconf 93' lang='lat'><strong>,</strong></span> <span class='ocrx_word' id='word_1_221' title='bbox 494 1969 535 2003; x_wconf 90' lang='lat' dir='ltr'>et</span> <span class='ocrx_word' id='word_1_222' title='bbox 562 1958 692 2003; x_wconf 80' lang='lat' dir='ltr'>morti</span> <span class='ocrx_word' id='word_1_223' title='bbox 709 1956 945 2021; x_wconf 83' lang='lat' dir='ltr'>implicitas</span> <span class='ocrx_word' id='word_1_224' title='bbox 968 1958 1181 2003; x_wconf 70' lang='lat' dir='ltr'>asseritis?</span> <span class='ocrx_word' id='word_1_225' title='bbox 1207 1956 1356 2002; x_wconf 87' lang='lat' dir='ltr'>Redeo</span> <span class='ocrx_word' id='word_1_226' title='bbox 1390 1957 1504 2003; x_wconf 86' lang='lat' dir='ltr'>enim</span> <span class='ocrx_word' id='word_1_227' title='bbox 1527 1958 1580 2003; x_wconf 83' lang='lat' dir='ltr'>ad</span> <span class='ocrx_word' id='word_1_228' title='bbox 1604 1957 1716 2005; x_wconf 87' lang='lat' dir='ltr'>illud</span> 
     </span>
     <span class='ocr_line' id='line_1_26' title="bbox 328 2027 1711 2091; baseline -0.001 -15"><span class='ocrx_word' id='word_1_229' title='bbox 328 2028 633 2076; x_wconf 86' lang='lat' dir='ltr'>brevissimum</span> <span class='ocrx_word' id='word_1_230' title='bbox 655 2045 666 2074; x_wconf 81' lang='lat' dir='ltr'><strong><em>z</em></strong></span> <span class='ocrx_word' id='word_1_231' title='bbox 698 2028 744 2073; x_wconf 90' lang='lat' dir='ltr'>Si</span> <span class='ocrx_word' id='word_1_232' title='bbox 762 2037 934 2091; x_wconf 82' lang='lat' dir='ltr'>poterat</span> <span class='ocrx_word' id='word_1_233' title='bbox 962 2028 1000 2074; x_wconf 87' lang='lat' dir='ltr'>ei</span> <span class='ocrx_word' id='word_1_234' title='bbox 1023 2027 1194 2084; x_wconf 89' lang='lat' dir='ltr'>noceri,</span> <span class='ocrx_word' id='word_1_235' title='bbox 1215 2045 1304 2073; x_wconf 90' lang='lat' dir='ltr'>non</span> <span class='ocrx_word' id='word_1_236' title='bbox 1328 2037 1390 2073; x_wconf 83' lang='lat' dir='ltr'>est</span> <span class='ocrx_word' id='word_1_237' title='bbox 1408 2027 1674 2075; x_wconf 83' lang='lat' dir='ltr'>inviolabilis</span> <span class='ocrx_word' id='word_1_238' title='bbox 1699 2046 1711 2075; x_wconf 76' lang='lat' dir='ltr'>t</span> 
     </span>
     <span class='ocr_line' id='line_1_27' title="bbox 329 2097 1704 2162; baseline 0 -16"><span class='ocrx_word' id='word_1_239' title='bbox 329 2100 365 2146; x_wconf 89' lang='lat' dir='ltr'>si</span> <span class='ocrx_word' id='word_1_240' title='bbox 382 2116 469 2145; x_wconf 90' lang='lat' dir='ltr'>non</span> <span class='ocrx_word' id='word_1_241' title='bbox 485 2108 672 2161; x_wconf 83' lang='lat' dir='ltr'>poterat,</span> <span class='ocrx_word' id='word_1_242' title='bbox 694 2098 928 2144; x_wconf 88' lang='lat' dir='ltr'>crudeliter</span> <span class='ocrx_word' id='word_1_243' title='bbox 945 2097 1036 2144; x_wconf 89' lang='lat' dir='ltr'>huc</span> <span class='ocrx_word' id='word_1_244' title='bbox 1054 2115 1130 2144; x_wconf 90' lang='lat' dir='ltr'>nos</span> <span class='ocrx_word' id='word_1_245' title='bbox 1147 2098 1280 2155; x_wconf 85' lang='lat' dir='ltr'>misit,</span> <span class='ocrx_word' id='word_1_246' title='bbox 1301 2108 1351 2144; x_wconf 86' lang='lat' dir='ltr'>ut</span> <span class='ocrx_word' id='word_1_247' title='bbox 1368 2098 1448 2145; x_wconf 86' lang='lat' dir='ltr'>ista</span> <span class='ocrx_word' id='word_1_248' title='bbox 1466 2100 1704 2162; x_wconf 83' lang='lat' dir='ltr'>patiamur.</span> 
     </span>
    </p>

    <p class='ocr_par' dir='ltr' id='par_1_6' title="bbox 398 2167 1413 2225">
     <span class='ocr_line' id='line_1_28' title="bbox 398 2167 1413 2225; baseline 0.001 -11"><span class='ocrx_word' id='word_1_249' title='bbox 398 2171 534 2215; x_wconf 73' lang='lat' dir='ltr'>Fonr.</span> <span class='ocrx_word' id='word_1_250' title='bbox 565 2167 672 2213; x_wconf 78' lang='lat' dir='ltr'>dixit</span> <span class='ocrx_word' id='word_1_251' title='bbox 695 2185 706 2212; x_wconf 90' lang='lat'><strong>:</strong></span> <span class='ocrx_word' id='word_1_252' title='bbox 734 2190 755 2209; x_wconf 89' lang='lat'>«</span> <span class='ocrx_word' id='word_1_253' title='bbox 776 2168 933 2215; x_wconf 87' lang='lat' dir='ltr'>Anima</span> <span class='ocrx_word' id='word_1_254' title='bbox 957 2168 1037 2214; x_wconf 86' lang='lat' dir='ltr'>Dei</span> <span class='ocrx_word' id='word_1_255' title='bbox 1060 2179 1150 2225; x_wconf 81' lang='lat' dir='ltr'>est,</span> <span class='ocrx_word' id='word_1_256' title='bbox 1180 2187 1235 2214; x_wconf 83' lang='lat' dir='ltr'>an</span> <span class='ocrx_word' id='word_1_257' title='bbox 1253 2172 1372 2215; x_wconf 73' lang='lat' dir='ltr'>non?</span> <span class='ocrx_word' id='word_1_258' title='bbox 1392 2190 1413 2210; x_wconf 76' lang='lat' dir='ltr'>n</span> 
     </span>
    </p>

    <p class='ocr_par' dir='ltr' id='par_1_7' title="bbox 329 2237 1715 2373">
     <span class='ocr_line' id='line_1_29' title="bbox 391 2237 1715 2299; baseline 0 -13"><span class='ocrx_word' id='word_1_259' title='bbox 391 2241 450 2286; x_wconf 75' lang='lat' dir='ltr'>X.</span> <span class='ocrx_word' id='word_1_260' title='bbox 483 2240 596 2285; x_wconf 71' lang='lat' dir='ltr'>Auo.</span> <span class='ocrx_word' id='word_1_261' title='bbox 630 2237 738 2283; x_wconf 76' lang='lat' dir='ltr'>dixit</span> <span class='ocrx_word' id='word_1_262' title='bbox 762 2255 773 2283; x_wconf 69' lang='grc' dir='ltr'>ι</span> <span class='ocrx_word' id='word_1_263' title='bbox 803 2238 847 2283; x_wconf 88' lang='lat' dir='ltr'>Si</span> <span class='ocrx_word' id='word_1_264' title='bbox 864 2241 1032 2297; x_wconf 87' lang='lat' dir='ltr'>justum</span> <span class='ocrx_word' id='word_1_265' title='bbox 1054 2250 1115 2284; x_wconf 90' lang='lat' dir='ltr'>est</span> <span class='ocrx_word' id='word_1_266' title='bbox 1136 2250 1184 2285; x_wconf 89' lang='lat' dir='ltr'>ut</span> <span class='ocrx_word' id='word_1_267' title='bbox 1205 2256 1295 2284; x_wconf 91' lang='lat' dir='ltr'>non</span> <span class='ocrx_word' id='word_1_268' title='bbox 1317 2239 1590 2299; x_wconf 85' lang='lat' dir='ltr'>interrogatis</span> <span class='ocrx_word' id='word_1_269' title='bbox 1609 2240 1715 2286; x_wconf 88' lang='lat' dir='ltr'>meis</span> 
     </span>
     <span class='ocr_line' id='line_1_30' title="bbox 329 2307 1430 2373; baseline 0 -17"><span class='ocrx_word' id='word_1_270' title='bbox 329 2307 667 2373; x_wconf 85' lang='lat' dir='ltr'>respondeatur,</span> <span class='ocrx_word' id='word_1_271' title='bbox 695 2317 737 2352; x_wconf 89' lang='lat' dir='ltr'>et</span> <span class='ocrx_word' id='word_1_272' title='bbox 756 2325 832 2367; x_wconf 87' lang='lat' dir='ltr'>ego</span> <span class='ocrx_word' id='word_1_273' title='bbox 851 2308 1088 2367; x_wconf 82' lang='lat' dir='ltr'>interroger</span> <span class='ocrx_word' id='word_1_274' title='bbox 1103 2346 1113 2365; x_wconf 86' lang='lat'><strong><em>,</em></strong></span> <span class='ocrx_word' id='word_1_275' title='bbox 1140 2308 1430 2372; x_wconf 74' lang='lat' dir='ltr'>respondebo,</span> 
     </span>
    </p>

    <p class='ocr_par' dir='ltr' id='par_1_8' title="bbox 329 2378 1714 2516">
     <span class='ocr_line' id='line_1_31' title="bbox 398 2378 1714 2444; baseline 0.002 -19"><span class='ocrx_word' id='word_1_276' title='bbox 398 2383 534 2426; x_wconf 66' lang='lat' dir='ltr'>l&#39;onr.</span> <span class='ocrx_word' id='word_1_277' title='bbox 572 2378 712 2425; x_wconf 76' lang='lat' dir='ltr'>dixit:</span> <span class='ocrx_word' id='word_1_278' title='bbox 741 2400 761 2420; x_wconf 89' lang='lat'>«</span> <span class='ocrx_word' id='word_1_279' title='bbox 787 2378 833 2425; x_wconf 84' lang='lat' dir='ltr'>Si</span> <span class='ocrx_word' id='word_1_280' title='bbox 867 2379 913 2424; x_wconf 91' lang='lat' dir='ltr'>in</span> <span class='ocrx_word' id='word_1_281' title='bbox 943 2380 1126 2444; x_wconf 90' lang='lat' dir='ltr'>proprio</span> <span class='ocrx_word' id='word_1_282' title='bbox 1162 2380 1250 2441; x_wconf 85' lang='lat' dir='ltr'>agit</span> <span class='ocrx_word' id='word_1_283' title='bbox 1277 2381 1451 2426; x_wconf 66' lang='lat' dir='ltr'>anima?</span> <span class='ocrx_word' id='word_1_284' title='bbox 1488 2380 1584 2427; x_wconf 93' lang='lat' dir='ltr'>Hoc</span> <span class='ocrx_word' id='word_1_285' title='bbox 1615 2399 1638 2428; x_wconf 87' lang='lat' dir='ltr'>a</span> <span class='ocrx_word' id='word_1_286' title='bbox 1672 2392 1714 2428; x_wconf 91' lang='lat' dir='ltr'>te</span> 
     </span>
     <span class='ocr_line' id='line_1_32' title="bbox 329 2467 540 2516; baseline 0 -20"><span class='ocrx_word' id='word_1_287' title='bbox 329 2467 498 2516; x_wconf 68' lang='lat' dir='ltr'>quaero,</span> <span class='ocrx_word' id='word_1_288' title='bbox 520 2471 540 2492; x_wconf 84' lang='lat'>»</span> 
     </span>
    </p>

    <p class='ocr_par' dir='ltr' id='par_1_9' title="bbox 323 2518 1713 2658">
     <span class='ocr_line' id='line_1_33' title="bbox 383 2518 1713 2586; baseline 0.001 -18"><span class='ocrx_word' id='word_1_289' title='bbox 383 2521 461 2568; x_wconf 72' lang='lat' dir='ltr'>xl.</span> <span class='ocrx_word' id='word_1_290' title='bbox 503 2520 618 2568; x_wconf 76' lang='lat' dir='ltr'>Ace.</span> <span class='ocrx_word' id='word_1_291' title='bbox 670 2518 777 2565; x_wconf 86' lang='lat' dir='ltr'>dixit</span> <span class='ocrx_word' id='word_1_292' title='bbox 804 2537 814 2564; x_wconf 75' lang='grc' dir='ltr'><strong><em>ε</em></strong></span> <span class='ocrx_word' id='word_1_293' title='bbox 854 2520 946 2580; x_wconf 86' lang='lat' dir='ltr'>Ego</span> <span class='ocrx_word' id='word_1_294' title='bbox 978 2521 1157 2585; x_wconf 90' lang='lat' dir='ltr'>quidem</span> <span class='ocrx_word' id='word_1_295' title='bbox 1188 2520 1309 2586; x_wconf 92' lang='lat' dir='ltr'>quod</span> <span class='ocrx_word' id='word_1_296' title='bbox 1332 2520 1606 2583; x_wconf 84' lang='lat' dir='ltr'>interrogasti</span> <span class='ocrx_word' id='word_1_297' title='bbox 1638 2522 1713 2569; x_wconf 91' lang='lat' dir='ltr'>di-</span> 
     </span>
     <span class='ocr_line' id='line_1_34' title="bbox 323 2589 1712 2658; baseline -0.001 -17"><span class='ocrx_word' id='word_1_298' title='bbox 323 2609 453 2641; x_wconf 84' lang='lat' dir='ltr'>cam:</span> <span class='ocrx_word' id='word_1_299' title='bbox 490 2600 660 2637; x_wconf 83' lang='lat' dir='ltr'>tantum</span> <span class='ocrx_word' id='word_1_300' title='bbox 694 2589 806 2637; x_wconf 87' lang='lat' dir='ltr'>illud</span> <span class='ocrx_word' id='word_1_301' title='bbox 843 2591 1111 2649; x_wconf 80' lang='lat' dir='ltr'>memineriS‚</span> <span class='ocrx_word' id='word_1_302' title='bbox 1159 2603 1197 2639; x_wconf 84' lang='lat' dir='ltr'>te</span> <span class='ocrx_word' id='word_1_303' title='bbox 1231 2591 1419 2641; x_wconf 88' lang='lat' dir='ltr'>noluisse</span> <span class='ocrx_word' id='word_1_304' title='bbox 1450 2592 1712 2658; x_wconf 88' lang='lat' dir='ltr'>respondere</span> 
     </span>
    </p>
   </div>
  </div>
 </body>
</html>
