1795 3253
347 318 405 374 :32
767 332 802 361 s.
846 330 1087 362 Aucusrnw
1122 332 1325 363 EPISCOPI

345 410 503 463 prasio
523 400 611 444 est?
633 396 760 443 Solus
776 397 909 457 igitur
926 397 1095 460 sapiens
1119 414 1206 443 non
1228 407 1395 462 peccat.
1432 396 1601 445 Stultus
1619 416 1719 461 ergo

337 469 475 515 omnis
505 479 686 532 peccat,
717 467 796 513 nisi
822 468 865 514 in
888 467 938 513 iis
969 467 1094 514 sactis
1114 505 1124 524 ‚
1152 468 1197 514 in
1222 467 1384 532 quibus
1412 468 1594 532 sapienti
1633 471 1719 516 ob-

340 538 640 603 t‹.=1nperaverit
668 556 677 583 z
709 557 730 584 a
755 548 870 584 recta
895 538 1009 584 enim
1035 538 1199 584 ratione
1228 537 1328 583 talia
1365 535 1478 584 facta
1515 539 1719 603 proficis-

338 621 514 661 cuntur,
538 628 614 655 nec
631 647 640 666 ‚
660 620 706 654 ut
731 608 789 654 ita
810 608 971 661 dicam,
994 607 1197 654 dominus
1225 608 1291 653 sui
1313 606 1416 653 sacti
1438 608 1595 655 stultus
1615 610 1719 657 exis-

337 679 555 726 timandus
582 691 641 726 est
666 717 676 735 ‚
704 697 804 726 cum
830 690 892 725 est
915 689 1125 743 tanquam
1151 679 1487 725 instrumentum
1520 680 1718 728 ministe-

337 752 535 814 riumque
566 751 782 815 sapientis.
832 749 978 806 Quare
1018 748 1051 794 si
1084 748 1291 794 omnibus
1329 748 1586 796 hominibus
1629 768 1719 797 non

335 839 514 887 peccare
540 839 673 886 quam
697 838 880 885 peccare
908 820 1060 866 melius
1087 831 1175 877 est3
1208 819 1361 866 melius
1381 819 1579 883 profecto
1598 821 1718 868 stulti

333 910 478 940 omnes
489 892 700 949 vix-erent,
715 892 747 937 si
766 891 875 937 servi
890 901 1066 955 possent
1078 907 1164 935 esse
1181 890 1456 953 sapientium.
1475 892 1617 955 Atque
1630 892 1716 938 hoc

335 964 367 1010 si
385 966 428 1011 in
454 963 583 1010 rebus
605 962 866 1018 minoribus,
896 972 945 1006 ut
966 960 1011 1007 in
1037 960 1268 1006 mercando
1286 959 1355 1007 vel
1373 960 1554 1007 colendo
1580 979 1681 1022 agro
1701 999 1714 1020 ,

332 1037 377 1082 in
400 1052 526 1081 uxore
552 1032 752 1079 ducenda
767 1070 777 1088 ‚
810 1033 854 1077 in
878 1029 1165 1094 suscipiendis
1192 1029 1516 1094 educandisque
1535 1031 1683 1078 liberis
1701 1070 1712 1089 ,

332 1108 377 1153 in
401 1107 493 1170 ipsa
517 1105 702 1168 denique
722 1122 766 1150 re
783 1102 986 1149 familiari
1005 1101 1353 1148 administranda
1373 1101 1573 1166 expedire
1590 1120 1717 1149 nemo

335 1176 550 1236 ambigit3
578 1175 716 1220 multo
741 1174 876 1234 magis
896 1173 942 1219 in
971 1172 1189 1233 religione.
1226 1173 1338 1218 Nam
1366 1182 1488 1217 etres
1507 1172 1716 1219 humanae

334 1248 624 1312 promptiores
647 1246 702 1292 ad
733 1243 1081 1305 dignoscendum
1112 1254 1213 1289 sunt
1232 1281 1243 1300 ,
1282 1260 1415 1308 quam
1455 1243 1616 1290 divinae
1639 1264 1651 1299 3
1675 1255 1718 1290 et

335 1321 377 1365 in
403 1317 754 1382 quibuscumque
783 1315 1072 1361 sanctioribus
1104 1325 1147 1360 et
1181 1314 1562 1378 przestantioribus
1583 1353 1593 1371 ‚
1631 1332 1719 1379 quo

334 1394 474 1451 majus
502 1388 559 1434 eis
581 1387 841 1450 obsequium
870 1385 1125 1448 cultumque
1153 1384 1362 1430 debemus
1377 1422 1388 1441 ,
1409 1402 1458 1430 eo
1477 1385 1720 1432 sceleratius

335 1458 705 1524 periculosiusque
719 1467 946 1521 peccatur.
964 1454 1087 1501 Nihil
1099 1455 1230 1515 igitur
1240 1455 1367 1501 nobis
1380 1466 1535 1501 restare
1551 1455 1720 1503 amodo

336 1529 454 1577 vides
470 1567 480 1585 ,
501 1527 698 1593 quandiu
722 1525 840 1586 stulti
865 1543 1035 1581 sumus,
1059 1525 1093 1571 si
1113 1525 1239 1571 nobis
1259 1526 1346 1572 vita
1366 1527 1530 1590 optima
1550 1537 1592 1572 et
1616 1527 1720 1573 reli-

339 1601 454 1661 giosa
476 1597 597 1645 cordi
621 1608 681 1643 est
703 1634 714 1653 ‚
736 1596 818 1642 nisi
844 1607 892 1642 ut
913 1612 1161 1659 quzcramus
1188 1595 1400 1658 sapientes
1417 1633 1428 1652 ,
1456 1596 1619 1660 quibus
1642 1597 1720 1643 ob-

342 1667 623 1734 temperando
655 1666 996 1713 dominationem
1028 1665 1224 1712 stultitiae
1260 1683 1400 1730 neque
1434 1665 1493 1712 ita
1532 1667 1720 1714 multum

341 1741 498 1788 sentire
513 1778 523 1794 ‚
544 1739 651 1785 dum
673 1740 781 1783 inest
796 1736 924 1782 nobis
944 1774 954 1791 ‚
976 1735 1210 1783 etevadere
1231 1735 1467 1800 aliquando
1485 1738 1715 1800 possimus·

408 1810 617 1859 xxvltl.
659 1808 743 1855 llic
767 1824 914 1854 rursus
935 1806 1074 1853 oritur
1098 1805 1355 1853 difficillima
1379 1808 1575 1870 quaestio.
1593 1808 1722 1864 Quo-

344 1900 442 1929 nam
468 1882 580 1927 enim
607 1879 736 1925 modo
749 1878 868 1925 stulti
880 1878 1114 1941 sapientem
1134 1877 1327 1924 invenire
1343 1878 1599 1941 poterimus,
1621 1896 1722 1926 cum

343 1955 430 2000 hoe
455 1969 610 1998 nomen
626 1987 637 2006 ‚
672 1948 842 1995 tametsi
871 1965 997 1994 nenio
1027 1947 1112 1993 sere
1144 1947 1302 1994 audeat
1327 1947 1473 2011 palam
1491 1985 1503 2004 ‚
1528 1948 1724 2014 plerique

346 2039 493 2074 tamen
520 2040 567 2068 cx
599 2019 779 2084 obliquo
812 2018 895 2064 sibi
928 2016 1182 2074 vindicant,
1222 2034 1324 2062 cum
1349 2016 1402 2062 de
1436 2017 1563 2063 rebus
1588 2018 1719 2083 ipsis,

347 2111 535 2163 quarum
560 2092 806 2152 cognitione
829 2100 999 2136 constat
1025 2087 1234 2152 sapientia
1249 2126 1260 2146 ‚
1282 2088 1341 2134 ita
1358 2088 1470 2134 inter
1493 2106 1534 2135 se
1556 2089 1723 2138 dissen-

349 2170 458 2214 tiant
473 2203 483 2221 ‚
501 2174 549 2210 ut
572 2172 648 2208 aut
672 2159 843 2206 nullum
861 2176 1010 2205 eorum
1027 2196 1038 2216 ,
1059 2169 1132 2204 aut
1149 2169 1316 2204 certum
1335 2176 1472 2205 unum
1489 2177 1655 2206 neccsse
1673 2160 1726 2207 sit
1790 2184 1793 2217 2

349 2256 436 2286 esse
461 2235 728 2299 sapientem?
757 2230 842 2277 Sed
870 2231 1051 2295 quinam
1081 2230 1160 2276 iste
1180 2230 1259 2283 sit,
1287 2247 1387 2276 cum
1413 2230 1469 2276 ab
1496 2231 1627 2277 stulto
1652 2249 1724 2278 re·-

351 2311 568 2375 quii-atur,
593 2320 682 2369 quo
702 2312 833 2366 pacto
863 2312 995 2366 queat
1013 2300 1209 2361 dignosci
1229 2301 1359 2365 plane
1383 2311 1510 2365 atque
1532 2303 1721 2367 percipi,

348 2380 526 2429 omnino
538 2393 626 2422 non
640 2373 782 2421 video.
804 2372 955 2436 Neque
973 2372 1087 2417 enim
1105 2371 1235 2433 signis
1255 2371 1524 2435 quibuslibet
1548 2390 1726 2433 cognos-

350 2469 445 2500 cere
468 2446 631 2512 aliquid
654 2455 821 2509 potest,
848 2443 930 2489 nisi
951 2442 1061 2489 illud
1076 2443 1375 2507 ipsun1,cujus
1392 2460 1440 2489 ea
1459 2443 1576 2504 signa
1593 2456 1693 2491 sunt
1710 2482 1722 2502 ,

347 2521 531 2573 noverit.
562 2517 697 2581 Atqui
723 2515 979 2580 sapientiam
1003 2515 1160 2560 stultus
1181 2514 1366 2575 ignorat.
1407 2514 1505 2561 Nou
1529 2515 1644 2562 enim
1679 2526 1728 2567 ut

351 2609 504 2641 aurum
537 2599 580 2635 et
604 2597 830 2648 argentum
845 2623 856 2643 ‚
882 2596 1124 2649 caeteraque
1143 2583 1190 2631 id
1210 2601 1342 2646 genus
1364 2622 1375 2641 ,
1404 2595 1446 2630 et
1471 2582 1726 2646 cognoscere
1786 2615 1788 2622 ›

347 2682 450 2713 cuin
471 2661 640 2716 videas,
663 2669 705 2705 et
721 2674 810 2704 non
823 2656 990 2704 habere
1010 2672 1263 2704 concessum
1281 2666 1371 2712 est;
1390 2655 1451 2706 ita
1469 2656 1726 2721 sapientiam
