1795 3253
273 260 449 294 CONTRA
481 259 688 292 FAUSTUM
721 257 1023 301 MANICHAEUM,
1061 259 1149 291 LIB.
1193 261 1284 293 XIX.
1392 249 1485 310 [499

114 329 483 377 conservationem
511 344 596 373 esse
633 324 819 372 arbitror
839 341 862 370 a
890 336 1095 389 peccam,
1127 343 1215 390 quo
1235 326 1301 372 vel
1324 328 1489 375 falsum

109 403 301 462 juratur,
328 399 397 445 vel
429 398 586 459 injuste
607 396 856 443 vindicatur
883 413 893 440 :
932 413 1187 460 quanquam
1217 397 1304 443 hoc
1331 397 1384 443 de
1410 398 1487 445 do-

115 470 261 517 nanda
293 470 470 516 omnino
500 467 695 515 vindicta
719 465 859 512 valeat
881 466 1010 511 etiam
1034 465 1089 511 ad
1110 466 1238 522 illud,
1270 478 1318 513 ut
1337 468 1494 515 dimit-

115 541 247 587 tendo
266 539 518 601 hujusmodi
541 538 706 594 debita,
743 536 871 582 etiam
895 536 1021 582 nobis
1046 536 1206 583 dimitti
1230 556 1483 587 mercamur.

116 611 202 657 Sed
222 610 333 657 duro
353 610 524 675 populo
544 607 699 654 modus
720 607 842 671 prius
861 605 1136 653 adhibendus
1166 607 1268 665 fuit,
1292 626 1380 673 quo
1405 609 1491 655 dis-

115 693 231 728 ceret
247 699 336 727 non
356 681 500 742 egredi
519 680 715 726 debitum
735 695 745 723 :
772 688 821 724 ut
837 676 1024 725 edomita
1040 678 1122 734 ira,
1146 696 1248 743 quae
1268 679 1321 725 ad
1339 680 1493 726 immo-

114 751 309 798 deratam
346 750 589 798 vindictam
626 749 757 813 rapit,
789 752 881 808 jam
914 747 990 812 qui
1031 748 1160 794 vellet
1178 787 1189 805 ,
1230 750 1491 813 tranquillus

115 823 355 869 attenderet
368 821 477 886 quid
494 822 584 885 ipse
603 820 806 876 deberet,
828 816 949 883 quod
972 817 1056 864 sibi
1073 819 1252 865 relaxari
1266 838 1289 866 a
1307 821 1496 866 Domino

114 903 321 957 cuperet,
361 903 411 939 ut
444 892 532 938 hac
566 889 912 938 consideratione
951 905 1156 937 conservo
1195 889 1394 937 debitum
1427 909 1498 938 re—

113 963 288 1023 laxaret.

180 1034 341 1081 XXVI.
371 1034 486 1080 Nam
517 1044 559 1079 et
584 1032 695 1080 illud
725 1032 779 1079 de
811 1049 941 1078 uxore
968 1049 1056 1078 non
1084 1031 1348 1078 dimittenda
1379 1034 1500 1097 quod

116 1104 574 1168 Dominuspraecepit3
603 1120 705 1149 cum
730 1103 920 1166 antiquis
939 1102 1107 1148 dictum
1121 1103 1175 1148 sit
1194 1121 1204 1148 ι
1233 1125 1252 1145 <‹
1275 1104 1497 1163 Quicum-

115 1196 136 1216 »
158 1191 242 1237 que
260 1174 469 1220 dimiserit
491 1190 664 1220 uxorem
685 1190 824 1228 suam,
847 1172 920 1218 det
939 1172 1001 1218 illi
1015 1173 1212 1219 libellum
1229 1174 1400 1238 repudii
1414 1175 1428 1203 ¹
1444 1195 1456 1229 3
1471 1197 1492 1218 »

117 1244 151 1290 si
174 1243 401 1304 diligenter
418 1244 688 1300 intueamur,
715 1242 963 1290 videbimus
986 1260 1070 1288 non
1096 1261 1181 1289 esse
1206 1246 1488 1294 contrarium.

120 1306 329 1378 Exposuit
347 1314 463 1360 enim
481 1314 694 1360 Dominus
718 1313 827 1378 quid
850 1315 936 1364 Lex
963 1313 1178 1360 voluerit:
1202 1332 1306 1362 cum
1329 1317 1490 1380 passim

115 1385 352 1432 dimittenti
377 1403 549 1432 uxorem
571 1385 745 1446 jusserit
769 1385 967 1431 libellum
985 1386 1160 1450 repudii
1185 1386 1301 1435 dare.
1346 1389 1495 1452 Neque

110 1456 225 1502 enim
244 1457 318 1512 ait,
346 1457 436 1514 Qui
454 1456 667 1512 voluerit,
688 1456 883 1502 dimittat
907 1474 1080 1502 uxorem
1104 1475 1253 1512 suam3
1281 1459 1352 1505 cui
1391 1471 1497 1506 esset

111 1527 378 1574 contrarium
393 1545 480 1574 non
500 1527 716 1574 dimittere
739 1545 749 1572 :
770 1526 843 1573 sed
860 1527 1008 1590 utique
1020 1527 1195 1574 nolebat
1209 1528 1374 1575 dimitti
1397 1547 1499 1577 uxo-

110 1614 200 1644 rem
219 1616 241 1643 a
261 1599 373 1654 viro,
401 1598 478 1663 qui
498 1599 614 1644 hanc
634 1597 896 1662 interposuit
916 1615 1100 1647 moram.
1121 1610 1168 1644 ut
1192 1599 1237 1645 in
1263 1600 1492 1647 dissidium

110 1669 278 1715 animus
286 1686 499 1733 praeceps,
516 1669 655 1715 libelli
670 1669 1007 1732 conscriptione
1024 1668 1231 1716 refractus
1248 1672 1487 1729 absisteret,

111 1749 154 1784 et
175 1738 283 1803 quid
315 1738 419 1784 mali
443 1750 549 1785 esset
577 1755 754 1784 uxorem
788 1738 1005 1784 dimittere
1033 1740 1271 1800 cogitaret:
1300 1760 1488 1805 praeser—

111 1809 188 1855 tim
202 1809 323 1873 quia,
350 1820 398 1855 ut
415 1810 651 1873 perhibent
667 1848 677 1866 ‚
703 1809 823 1872 apud
853 1810 1062 1856 Hebraeos
1101 1812 1288 1858 scribere
1323 1814 1485 1861 litteras

109 1879 307 1931 hebraeas
329 1880 439 1926 nulli
460 1880 523 1926 fas
547 1891 654 1936 erat,
678 1880 763 1926 nisi
788 1880 952 1926 Scribis
968 1881 1083 1936 solis,
1110 1899 1212 1928 cum
1231 1886 1484 1933 etexcellen-

112 1949 264 1996 tiorem
301 1951 612 2013 profiterentur
627 1951 882 2014 sapientiam
899 1988 909 2006 ,
940 1962 981 1996 et
1004 1951 1036 1997 si
1063 1953 1140 2015 qui
1162 1970 1312 2000 eorum
1351 1969 1487 2004 essent

113 2020 315 2083 aequitate
335 2037 384 2067 ac
397 2020 556 2084 pietate
575 2021 768 2084 praediti,
795 2038 882 2066 non
904 2031 1074 2067 tantum
1091 2024 1399 2086 profiterentur
1412 2047 1484 2075 sa-

111 2089 320 2154 pientiam
339 2088 656 2147 ,verumetiam
690 2102 967 2138 sectarentur.
997 2092 1066 2138 Ad
1088 2093 1168 2139 hos
1191 2095 1339 2155 igitur,
1368 2117 1478 2163 quos

112 2170 330 2223 oporteret
346 2178 431 2206 esse
449 2160 683 2225 prudentes
700 2162 824 2223 Legis
835 2162 1087 2226 interpretes
1101 2175 1141 2210 et
1154 2169 1292 2225 justos
1316 2168 1481 2218 dissidii

112 2228 387 2288 dissuasores,
402 2232 489 2278 Lex
501 2232 669 2278 mittere
690 2231 830 2279 Voluit
852 2250 968 2291 eum,
990 2251 1120 2298 quem
1132 2239 1260 2296 jussit
1279 2239 1478 2289 libellum

111 2300 285 2363 repudii
302 2300 404 2348 dare
420 2340 432 2359 ,
454 2303 488 2349 si
511 2301 740 2349 dimisisset
763 2320 952 2351 uxorem.
982 2306 1081 2351 Non
1099 2307 1211 2354 enim
1237 2311 1274 2356 ei
1308 2323 1480 2375 poterat

112 2371 246 2418 scribi
261 2371 453 2429 libellUS‚
473 2373 555 2422 nisi
575 2373 630 2420 ab
653 2373 774 2437 ipsis,
794 2374 870 2438 qui
893 2392 970 2439 per
995 2376 1110 2423 hanc
1136 2381 1406 2429 occasionem
1431 2403 1480 2432 ex

110 2442 357 2488 necessitate
373 2443 613 2490 venientem
637 2444 829 2509 quodam
851 2446 980 2492 modo
997 2447 1043 2493 in
1066 2466 1217 2496 manus
1240 2469 1335 2498 suas
1361 2455 1480 2503 bono

112 2512 291 2559 consilio
316 2525 533 2574 regerent,
559 2526 688 2580 atque
724 2516 837 2562 inter
859 2517 1004 2581 ipsum
1027 2530 1069 2565 et
1092 2537 1265 2568 uxorem
1294 2526 1479 2587 pacifice

160 2595 171 2619 ¹
187 2598 283 2630 Deut.
299 2608 391 2638 xx1v,
410 2609 422 2630 1
439 2610 448 2638 ;
465 2598 584 2632 Matth.
599 2611 630 2638 v,
650 2601 705 2639 32,
719 2605 751 2633 et
764 2610 832 2640 ux,
847 2612 879 2640 7.

1275 2660 1350 2711 32.
