1795 3253
211 289 386 322 CONTRA
421 288 622 320 FAL‘STUM
656 288 959 330 MANICIIAEUM,
1000 289 1084 320 Liss.
1127 286 1237 321 xlx(
1330 280 1420 342 477

44 355 190 404 venire
203 355 404 402 adversus
419 354 672 419 Apostolum
684 354 898 401 dicentem
919 371 960 399 t«
981 355 1143 402 Omnia
1157 356 1255 403 haec
1274 359 1425 419 figurae

50 438 236 473 »nostrae
250 425 446 473 fuerunt1
464 444 474 471 :
494 426 631 472 »item
651 425 864 472 dicentem
881 424 934 471 de
951 426 1127 473 Christo
1146 445 1156 472 ε
1175 429 1319 486 «Quia
1337 448 1423 476 non

49 519 70 540 »
91 497 175 544 fuit
196 497 338 542 Etiam
357 508 398 542 et
422 497 540 549 Non,
563 495 634 541 sed
657 496 795 541 Etiam
812 495 857 541 in
886 495 962 542 illo
986 498 1103 542 erat2
1131 516 1140 542 :
1167 520 1186 539 »
1208 510 1425 563 quotquot

45 567 159 613 enim
175 566 479 630 promissiones
493 566 587 621 Dei,
599 567 644 612 in
656 566 728 612 illo
739 566 899 621 Etiam,
911 566 955 611 id
966 577 1044 622 est,
1060 567 1103 612 in
1121 568 1422 625 illoexhibitao,

44 638 90 684 in
106 637 180 684 illo
200 636 447 701 adimpletae
471 648 654 683 suntzet
678 637 766 683 sine
790 636 972 696 caligine
998 638 1189 692 videbis,
1220 650 1261 685 et
1291 657 1421 703 quam

45 709 204 769 Legem
221 707 459 771 adimplere
478 708 657 764 venerit,
676 719 717 754 et
734 725 826 754 eam
845 725 933 771 quo
955 720 1087 772 pacto
1104 709 1418 774 adimpleverit.

47 780 137 826 Nec
151 796 300 843 perges
317 779 482 825 extendi
494 780 661 842 pertria
673 797 825 839 genera
845 779 969 839 Legis
987 781 1112 825 ettria
1138 798 1290 840 genera
1322 783 1426 827 Pro-

45 849 616 913 phetarum,quaerensqua
642 867 775 906 exeas,
799 860 840 895 et
857 867 945 895 non
961 850 1193 898 inveniens.
1218 852 1425 898 Manifes-

46 931 138 967 tum
157 931 218 966 est
242 921 355 966 enim
371 958 382 977 ,
403 932 444 966 et
461 921 555 967 luce
570 921 726 968 clarius
754 922 837 968 hoc
862 922 990 967 etiam
1015 923 1127 968 Novi
1152 924 1416 969 Testamenti

47 991 264 1055 srciptura
289 1008 404 1055 saepe
431 1002 778 1056 testatu1·,quam
796 996 947 1052 Legem
973 1003 1014 1037 et
1040 1010 1149 1057 quos
1180 994 1423 1057 Prophetas

49 1062 250 1109 Christus
265 1079 353 1108 non
363 1063 524 1108 venerit
550 1063 730 1119 solvere,
746 1063 817 1108 sed
831 1063 1112 1126 adimplerem<
1129 1066 1225 1128 Ipsa
1238 1076 1299 1110 est
1314 1067 1425 1111 enim

48 1154 69 1175 >2
89 1134 191 1189 Lex,
209 1150 310 1196 quae
327 1150 405 1197 per
422 1133 603 1196 Moysen
618 1134 736 1189 data,
775 1134 911 1192 gratia
935 1145 975 1179 et
1000 1135 1156 1179 veritas
1177 1153 1254 1198 per
1273 1137 1420 1182 Jesum

48 1225 70 1246 »
90 1204 314 1249 Christum
338 1203 450 1249 facta
469 1205 565 1252 est-⁹².
585 1226 605 1246 >2
628 1206 727 1268 Ipsa
742 1215 820 1259 est,
835 1205 1032 1268 inquam,
1049 1207 1132 1250 Lex
1149 1224 1227 1269 per
1251 1209 1427 1270 Moysen

52 1274 170 1331 data,
186 1274 239 1321 de
251 1292 339 1338 quo
354 1274 556 1321 Christus
577 1276 663 1321 ait:
683 1297 703 1317 c<
733 1277 791 1320 De
829 1293 895 1320 me
913 1277 1026 1321 enim
1065 1276 1137 1322 ille
1162 1278 1377 1341 scripsit‘'·.
1407 1301 1427 1321 >1

50 1346 176 1392 Certe
190 1347 304 1392 enIm
325 1346 488 1409 ipsaest
504 1347 600 1401 Lex,
620 1363 719 1410 quae
737 1346 1056 1392 subintravitut
1077 1347 1250 1392 abunda
1261 1359 1319 1393 ret.
1349 1349 1428 1394 de-

48 1414 227 1462 lictum⁵
243 1434 253 1462 :
269 1416 387 1480 quod
415 1415 466 1461 ad
482 1420 573 1476 ejus
585 1416 1103 1480 reprehensionem,nihil
1126 1418 1426 1478 intelligentes,

50 1486 95 1532 in
119 1503 190 1532 ore
208 1486 372 1533 habere
397 1487 646 1533 consuestis.
678 1487 747 1532 lbi
766 1504 865 1545 ergo
890 1486 980 1546 loge
1004 1498 1045 1532 et
1064 1487 1162 1534 vide
1179 1526 1189 1544 ‚
1211 1489 1312 1552 quia
1338 1491 1428 1553 ipsa

50 1567 112 1602 est
138 1555 191 1602 de
206 1574 291 1620 qua
318 1557 483 1602 dicitur
504 1575 513 1601 :
539 1578 556 1597 «
579 1558 732 1620 ltaque
761 1558 845 1602 Lex
863 1557 1039 1621 quidem
1061 1569 1225 1614 sancta,
1253 1570 1292 1604 et
1313 1577 1431 1605 man-

0 1619 1 1683 i
52 1648 74 1670 ))
95 1626 245 1673 datum
265 1638 460 1674 sanctum
482 1631 701 1688 etjustum
718 1638 759 1672 et
778 1627 960 1673 bonum.
985 1628 1117 1683 Quod
1140 1646 1240 1688 ergo
1264 1630 1430 1676 bonum

0 1687 2 1727 i
54 1718 75 1740 »
95 1699 179 1755 est',
217 1699 328 1744 mihi
352 1698 515 1744 factum
559 1709 622 1744 est
653 1693 799 1743 mors?
827 1698 966 1744 Absit.
999 1698 1081 1745 Sed
1125 1711 1355 1763 peccatum
1387 1713 1434 1747 ut

53 1790 75 1812 »
97 1779 303 1833 appareat
325 1779 558 1833 peccatum
577 1805 588 1825 ,
631 1786 710 1832 per
747 1769 914 1814 bonum
953 1769 1064 1814 mihi
1103 1781 1329 1832 operatum
1369 1783 1431 1817 est

54 1840 281 1887 mortemss.
311 1861 330 1881 ›>
355 1841 505 1904 Neque
546 1839 660 1884 enim
698 1841 783 1884 Lex
802 1839 990 1899 jubebat
1028 1838 1256 1897 delictum,
1294 1852 1341 1886 ut
1358 1841 1430 1888 illa

0 1928 5 1977 3
55 1910 330 1956 subintrante
354 1911 599 1956 abundaret
625 1910 862 1964 delictum3
893 1910 965 1955 sed
991 1911 1205 1973 superbos
1240 1913 1429 1959 multum

55 1981 161 2027 sibi*
183 1981 447 2038 tribuentes,
473 1980 667 2027 mandati
691 1981 827 2026 sancti
853 1991 894 2025 et
910 1981 1017 2040 J'usti
1041 1992 1080 2026 et
1105 1982 1213 2028 boni
1245 1983 1432 2043 adjectio

55 2069 150 2098 reos
181 2052 310 2098 etiam
336 2051 710 2116 praevaricationis
735 2052 931 2096 effecerat
957 2069 967 2096 ε
995 2062 1043 2097 ut
1071 2069 1119 2097 eo
1143 2054 1271 2099 modo
1291 2055 1436 2102 humi-

55 2121 150 2169 liati
167 2160 178 2180 ‚
205 2123 420 2169 discerent
438 2123 491 2169 ad
517 2123 697 2184 gratiam
720 2123 935 2187 pertinere
960 2141 1040 2187 per
1074 2124 1203 2170 fidem
1219 2163 1229 2181 ,
1261 2137 1309 2171 ut
1342 2131 1432 2187 jam

56 2210 146 2240 non
169 2205 306 2250 essent
326 2195 430 2255 Legi
451 2194 619 2240 subditi
636 2212 714 2258 per
736 2204 926 2250 reatum,
950 2194 1022 2240 sed
1044 2196 1146 2255 Legi
1185 2197 1333 2243 sociati
1357 2216 1435 2261 per

53 2265 281 2326 justitiam.
324 2265 446 2312 Idem
485 2266 652 2330 quippe
680 2265 910 2330 Apostolus
950 2266 1058 2312 dicit
1083 2285 1093 2312 ε
1118 2269 1274 2325 «Quia
1314 2272 1435 2333 prius

59 2356 81 2378 »
99 2352 229 2399 quam
246 2337 409 2383 veniret
422 2336 547 2392 fides,
568 2338 651 2383 sub
677 2340 783 2396 Lege
802 2336 1157 2384 custodiebamur
1177 2340 1367 2386 conclusi
1391 2342 1435 2387 in

6 2399 13 2521 ἱ
61 2426 83 2448 >>
102 2423 196 2452 eam
218 2406 350 2452 fidem
371 2425 472 2472 quae
496 2418 642 2472 postea
669 2407 853 2454 revelata
877 2418 952 2455 est.
980 2409 1132 2472 ltaque
1161 2411 1432 2475 Lex,inquit,

10 2561 13 2590 i

8 2635 13 2655 Ι

2 2191 9 2227 t

6 2486 13 2540 ὲ,
60 2497 83 2520 >>
98 2476 365 2542 paedagogus
387 2489 531 2525 noster
544 2490 634 2525 erat
651 2479 697 2525 in
712 2478 888 2524 Christo
913 2479 937 2524 J
942 2496 1015 2525 esu
1032 2496 1042 2524 ε
1061 2479 1135 2526 sed
1153 2491 1330 2547 posteaq
1339 2499 1437 2529 uam

9 2545 13 2560 ‚

109 2573 122 2597 ¹
145 2585 158 2605 1
180 2575 256 2608 Cor.
278 2586 312 2616 x,
332 2576 365 2608 6.
380 2593 426 2599 —
442 2573 458 2597 2
474 2575 522 2609 Id.
544 2588 567 2616 1,
590 2587 642 2619 19.
656 2594 700 2601 —
714 2573 728 2600 3
744 2578 841 2610 Joan.
863 2587 889 2617 1,
912 2586 966 2617 17.
982 2592 1028 2600 —
1045 2573 1058 2599 ⁴
1075 2576 1125 2611 1d.
1146 2588 1176 2617 v,
1192 2577 1300 2613 46.-
1315 2576 1434 2614 ⁵Rom.

62 2636 94 2666 v,
112 2637 165 2662 20.
182 2645 228 2651 —
245 2624 260 2648 ⁶
278 2627 328 2663 Id,
347 2639 407 2671 vn,
430 2639 483 2660 12.
