1795 3253
265 257 439 289 CONTRA
472 257 719 289 EPISTOLAM
751 256 1005 302 MANICHAEI‚
1044 261 1133 292 LIB.
1174 261 1206 293 Ι.
1352 251 1438 313 193

72 322 184 369 6111111
205 323 326 386 prius
347 323 576 370 vobiscum
606 324 665 369 sic
693 340 830 383 agore,
861 335 909 369 ut
931 343 1018 371 non
1042 343 1117 385 ego
1138 344 1212 373 vos
1239 327 1437 387 doceam,

72 393 192 457 quod
216 394 454 457 superbum
484 393 661 439 fortasse
689 394 988 449 arbitramini3
1019 397 1090 443 sed
1120 408 1326 461 tanquam
1352 400 1445 464 ipse

74 482 97 510 a
121 465 244 510 vobis
265 465 428 510 discere
450 465 644 511 studeam
661 502 672 521 ‚
695 465 814 529 quod
840 483 995 512 novem
1028 469 1148 513 annis
1179 488 1267 516 11011
1301 474 1439 535 potui.

74 536 357 600 Quapropter
396 535 539 581 habeo
574 536 733 599 quibus
768 535 921 582 litteris
959 538 1131 584 credam
1167 539 1220 585 de
1256 541 1445 590 adventu

73 606 261 669 Spiritus
280 607 434 663 sancti,
456 607 618 670 quibus
641 624 708 652 me
735 607 908 653 credere
940 608 972 654 si
1004 609 1266 672 proliibetiS‚
1294 630 1348 658 ne
1379 626 1445 659 te-

71 694 186 723 mere
204 677 377 723 credam
397 678 515 741 quod
538 678 698 733 nescio,
723 678 783 724 sic
800 679 915 725 enim
936 679 1077 725 soletis
1089 698 1280 738 111011616,
1304 685 1444 730 11111110

69 747 213 794 minus
230 748 377 795 vestris
392 748 544 794 litteris
568 748 756 796 credam.
787 750 931 807 Quare
952 761 1026 796 aut
1051 768 1197 797 omnes
1213 752 1349 799 libros
1364 772 1444 801 au-

69 817 175 863 ferte
194 817 430 875 demedio,
454 830 496 864 et
525 819 790 882 disputando
814 819 993 884 pandite
1014 821 1254 876 veritatem,
1283 824 1336 870 de
1359 843 1444 888 qua

71 887 274 935 dubitare
301 906 391 935 non
416 890 578 953 possim
599 908 610 935 :
634 902 710 938 aut
742 891 843 937 tales
874 891 1063 955 proferte
1086 892 1223 939 libros
1239 932 1249 950 ,
1286 897 1447 958 quibus

70 975 158 1004 non
180 959 292 1005 mihi
320 976 419 1005 cum
448 962 690 1020 arrogantia
718 962 974 1025 imponatur
1001 961 1121 1026 quod
1146 963 1319 1009 credam
1337 1003 1347 1021 ,
1373 967 1447 1012 sed

69 1029 325 1075 exhibeatur
348 1030 436 1076 sine
454 1030 607 1077 fraude
630 1032 749 1095 quod
774 1032 951 1079 discam.
983 1033 1193 1089 Fortasse,
1221 1034 1381 1098 inquis,
1407 1049 1449 1083 et

69 1098 169 1145 haec
198 1101 378 1163 epistola
411 1101 505 1147 talis
529 1113 603 1149 est.
638 1103 750 1149 Nolo
780 1120 880 1162 ergo
904 1103 950 1149 in
974 1106 1065 1163 ejus
1094 1102 1242 1150 limine
1270 1105 1447 1154 ulterius

68 1170 290 1216 immorari
313 1189 323 1216 :
345 1171 550 1218 interiora
574 1172 811 1219 videamus.

132 1242 236 1287 Xll.
263 1263 283 1283 α
303 1242 410 1287 Haec
435 1253 551 1298 sunt,
578 1243 748 1306 inquit,
777 1243 968 1288 salubria
984 1244 1117 1289 verba
1133 1261 1179 1289 ex
1196 1248 1375 1307 perenni
1398 1266 1447 1294 ac

67 1311 167 1358 vivo
189 1311 323 1369 fonte,
350 1330 451 1377 quae
474 1314 550 1377 qui
575 1314 775 1370 audierit,
798 1325 839 1359 et
863 1314 1023 1359 eisdem
1041 1314 1234 1377 primum
1255 1318 1449 1365 credide-

67 1383 147 1439 rit,
189 1382 346 1429 deinde
384 1400 485 1447 quae
518 1384 740 1429 insinuant
784 1383 1059 1440 custodierit,
1101 1402 1329 1449 nunquam
1370 1390 1452 1436 erit

66 1454 196 1500 morti
229 1454 457 1511 obnoxiu&
490 1470 641 1501 Verum
671 1465 832 1500 aeterna
860 1464 902 1499 et
935 1454 1119 1514 gloriosa
1141 1457 1230 1502 vita
1258 1457 1442 1508 fruetur.

67 1524 178 1569 Nam
198 1523 396 1588 profecto
418 1525 570 1570 beatus
600 1535 662 1570 est
683 1523 969 1583 judicandus,
994 1526 1071 1587 qui
1091 1526 1176 1572 hac
1200 1527 1347 1574 divina
1374 1531 1449 1576 in-

67 1605 256 1640 structus
285 1596 532 1655 cognitione
554 1594 700 1649 fuerit,
729 1611 808 1657 per
831 1611 963 1657 quam
989 1594 1198 1641 liberatus
1217 1597 1261 1642 in
1281 1601 1448 1663 sempi-

66 1675 186 1712 terna
214 1667 303 1713 vita
334 1665 621 1730 permanebit.
648 1687 668 1707 »
688 1667 744 1710 Et
771 1665 887 1722 haec,
915 1675 965 1710 ut
989 1665 1162 1721 videtis,
1186 1668 1449 1729 pollicitatio

66 1747 144 1793 est,
166 1736 366 1782 nondum
379 1735 590 1782 exhibitio
607 1735 799 1782 veritatis
814 1753 823 1780 :
839 1746 880 1781 et
892 1751 967 1781 vos
986 1752 1161 1798 quoque
1180 1738 1450 1787 animadver-

66 1817 154 1853 tere
169 1806 374 1853 facillime
395 1807 590 1870 potestis,
611 1806 693 1852 isto
717 1805 929 1852 velamine
945 1805 1163 1869 quoslibet
1190 1824 1353 1856 errores
1373 1811 1449 1858 fu-

67 1878 157 1924 cari
184 1895 326 1942 posse,
361 1889 412 1924 ut
439 1878 743 1942 imperitorum
769 1876 919 1921 animis
939 1893 1019 1939 per
1042 1888 1238 1924 ornatam
1264 1883 1448 1939 januam

65 1948 248 1996 latenter
274 1951 483 2013 irrepant.
523 1949 569 1994 Si
599 1947 714 1994 6111111
749 1946 912 1992 diceret
942 1964 952 1991 :
978 1947 1086 1992 Haec
1115 1959 1215 1993 sunt
1246 1951 1448 2012 pestifera

65 2021 200 2068 verba
219 2038 267 2067 ex
287 2036 500 2067 venenoso
520 2018 656 2074 fonte,
677 2034 778 2080 quae
796 2017 868 2080 qui
891 2016 1092 2073 audierit,
1115 2028 1158 2062 et
1181 2019 1340 2067 eisdem
1358 2023 1448 2085 pri-

66 2109 188 2139 mum
213 2091 463 2146 crediderit,
491 2089 648 2135 deinde
667 2105 766 2151 quae
788 2088 1009 2133 insinuant
1034 2088 1303 2147 custodierit,
1332 2109 1451 2139 nun..

66 2181 200 2227 quam
219 2163 300 2209 erit
322 2163 424 2208 vitae
444 2159 752 2216 restituendus,
776 2175 925 2205 verum
950 2159 1113 2222 poenali
1136 2170 1178 2204 et
1205 2178 1449 2211 aerumnosa

65 2247 205 2283 morte
234 2234 443 2281 afficietur
471 2251 482 2278 :
518 2233 647 2296 (nam
675 2230 870 2294 profecto
908 2230 1036 2275 miser
1067 2241 1126 2276 est
1155 2231 1440 2292 judicandus5

67 2308 144 2372 qui
165 2308 252 2353 hac
275 2305 441 2352 inferna
477 2303 726 2367 implicatus
758 2301 975 2365 imperitia
1006 2301 1164 2358 fuerit,
1197 2320 1277 2365 per
1310 2321 1443 2368 quam

67 2379 284 2425 demersus
301 2378 346 2424 in
364 2375 632 2440 sempiternis
650 2373 915 2419 cruciatibus
933 2373 1208 2436 permanebit
1226 2376 1265 2435 x)
1290 2376 1323 2420 si
1343 2394 1443 2436 ergo

66 2449 154 2496 1106
183 2449 362 2505 diceret,
394 2463 544 2494 verum
580 2445 741 2490 diceret
762 2444 862 2490 :secl
893 2443 1008 2489 libro
1041 2444 1147 2489 huic
1182 2461 1270 2489 non
1300 2446 1441 2493 solum

66 2522 238 2569 nullum
264 2518 513 2566 conciliaret
534 2515 762 2568 lectorem3
788 2514 862 2560 sed
885 2531 1031 2560 omnes
1052 2514 1098 2560 in
1122 2531 1311 2577 quorum
1343 2534 1444 2562 ma-

67 2609 148 2642 nus
164 2591 402 2648 incidisset,
426 2588 473 2636 in
496 2586 680 2635 maxima
703 2584 803 2633 odia
825 2585 1074 2633 concitaret.
1101 2585 1246 2643 Quam
1268 2586 1327 2632 ob
1350 2604 1443 2634 rem

196 2678 355 2711 cxxxv.
1257 2674 1272 2702 1
1285 2658 1313 2703 3
