1795 3253
309 266 392 322 [352
723 277 756 306 s.
802 274 1039 305 Attfit'srlst
1078 275 1278 305 r-,mscom

305 360 343 391 et
371 344 452 390 mel
480 341 697 394 comedin
724 351 764 386 et
788 340 1058 386 manducans
1082 339 1260 388 dicitur.
1299 342 1374 406 «lui
1402 360 1514 406 pane
1552 353 1681 409 atque

305 418 418 462 olere
442 423 667 460 contentus
707 422 790 458 est.
823 411 906 457 Sed
933 411 985 455 de
1025 411 1134 455 cibis
1160 413 1441 474 suspicamini
1464 414 1683 480 quidquid

304 487 459 536 wiltis:
488 494 601 531 certe
620 484 773 528 bibens
795 494 834 527 et
856 484 1045 528 vinarius
1068 499 1156 527 non
1179 483 1413 539 diceretur,
1438 486 1517 531 nisi
1530 486 1682 532 vinum

305 558 477 604 biberet
503 573 513 600 ·.
533 571 611 600 eur
631 570 731 613 ergo
754 564 796 599 et
817 553 901 599 hoe
922 570 998 599 vos
1019 553 1295 599 immundum
1319 556 1512 618 putatis?
1535 557 1684 620 Neque

305 630 420 675 enim
446 627 543 672 haec
559 636 742 689 propter
761 624 1071 670 continentiam
1086 623 1454 689 disciplinamque
1477 625 1686 673 domandi

301 699 500 763 corporis
536 708 708 759 tangere
738 697 983 760 prohibetis·
1008 733 1017 750 ‚
1046 694 1117 740 sed
1159 695 1277 759 quod
1311 695 1539 744 immunda
1562 697 1648 744 sint
1672 715 1682 742 ε

300 788 401 818 nam
425 789 472 815 ea
496 769 640 815 sordes
661 780 702 814 et
724 767 777 812 fel
822 767 958 828 gentis
977 766 1258 812 tenebrarum
1281 784 1368 812 esse
1408 768 1652 831 perhibetis
1667 805 1678 825 ‚

307 851 458 888 contra
484 840 741 904 Apostolum
763 838 977 884 dicentem
997 855 1007 882 ε
1027 858 1047 878 «
1066 837 1226 883 Omnia
1246 837 1409 884 munda
1433 838 1646 886 mundisst.
1668 860 1689 881 »

309 914 424 958 Ecce
449 913 525 975 qui
562 911 722 957 audent
742 910 884 955 (licere
913 908 1141 954 Clu-istum
1165 907 1467 955 indifferentiae
1487 910 1690 956 ciborum

310 983 583 1043 magistrum,
608 980 844 1044 discipulos
862 990 1003 1024 tamen
1027 995 1125 1023 suos
1143 979 1199 1024 ab
1214 979 1570 1043 iisprohibuisse,
1592 996 1692 1044 quae

310 1053 537 1100 immunda
557 1053 639 1117 ipsi
658 1062 830 1116 putant.
853 1049 1079 1097 Ostendite
1103 1050 1180 1095 ubi
1204 1050 1281 1095 ista
1303 1069 1325 1096 a
1350 1051 1587 1114 Discipulis
1608 1050 1694 1097 suis

314 1125 572 1173 removerit.
598 1124 770 1170 fallaces
787 1161 797 1175 ,
828 1123 1021 1186 improbi
1044 1140 1054 1166 ε
1083 1133 1380 1168 verumtamen
1409 1124 1487 1169 Dei
1510 1122 1695 1168 vindicis

315 1196 590 1261 providentia
611 1197 669 1240 ita
710 1195 880 1250 caecati,
906 1205 952 1240 ut
990 1195 1117 1239 etiam
1151 1195 1461 1240 commoneatis
1483 1211 1560 1240 nos
1579 1192 1695 1239 unde

315 1266 650 1313 convincamini.
681 1266 791 1310 Nam
807 1266 893 1310 vim
914 1265 1058 1328 patior
1077 1266 1132 1309 ab
1152 1264 1296 1310 animo
1317 1282 1430 1321 meo,
1450 1265 1531 1310 nisi
1553 1275 1695 1310 totum

316 1339 458 1402 ipsum
498 1336 717 1395 Evangelii
738 1335 1000 1400 capitulum,
1022 1334 1141 1398 quod
1169 1335 1248 1380 iste
1268 1335 1497 1382 adversum
1517 1337 1697 1398 Moysen

318 1425 539 1473 opponere
562 1407 726 1463 voluit,
759 1406 1082 1470 inspiciendum
1106 1407 1327 1453 inseruero
1355 1425 1365 1452 :
1392 1407 1522 1454 utibi
1545 1407 1699 1454 videa-

314 1497 413 1526 mus
436 1496 568 1544 quam
587 1478 743 1524 falsum
773 1477 852 1523 sit.
884 1477 1002 1541 quod
1023 1476 1144 1541 prior
1184 1477 1467 1535 Adimantus,
1490 1489 1532 1524 et
1568 1477 1700 1524 modo

323 1553 502 1597 Faustus
532 1550 664 1606 dixit,
693 1550 932 1595 Dominum
958 1550 1107 1595 Jesum
1128 1567 1150 1594 a
1177 1549 1416 1614 Discipulis
1441 1550 1528 1596 suis
1552 1566 1702 1596 carnes

322 1621 552 1668 vescendas
576 1621 822 1677 removisse,
861 1638 1015 1684 easque
1047 1621 1180 1681 vulgo
1213 1621 1497 1667 saeeularihus
1521 1639 1703 1668 conces-

321 1693 461 1738 sisse‘2.
480 1693 647 1754 Nempe
664 1707 765 1736 cum
778 1686 1068 1753 respondisset
1077 1692 1465 1748 calumniantibus,
1478 1693 1600 1757 quod
1615 1709 1703 1739 non

323 1765 420 1811 lotis
445 1764 645 1809 manibus
680 1761 1022 1809 manducarent.
1057 1762 1116 1807 ita
1157 1762 1350 1825 sequitur
1390 1760 1699 1823 Evangelium:

325 1856 346 1875 «
368 1836 423 1880 Et
448 1834 697 1880 convocatis
715 1833 873 1881 turbis,
901 1832 961 1877 ait
982 1832 1091 1877 illis:
1114 1832 1272 1878 Audite
1283 1844 1323 1878 et
1337 1833 1577 1895 intelligite.
1606 1835 1703 1879 Non

328 1905 484 1971 »quod
511 1906 645 1950 intrat
666 1904 709 1950 in
725 1921 770 1949 os
783 1902 1081 1949 communicat
1098 1903 1319 1949 hominem
1338 1921 1348 1949 ε
1366 1905 1438 1951 sed
1461 1905 1582 1969 quod
1603 1922 1705 1969 pro-

326 1999 347 2019 »
372 1977 487 2023 cedit
511 1976 564 2021 de
588 1993 679 2024 ore.
707 1974 1005 2021 communicat
1032 1974 1269 2022 hominem.
1311 1976 1438 2022 Tunc
1454 1976 1706 2025 accedentes

328 2071 349 2091 n
379 2048 611 2112 Discipuli,
632 2047 832 2092 dixerunt
850 2046 902 2092 ad
920 2063 1043 2091 eum:
1070 2046 1163 2092 Scis
1181 2047 1300 2111 quod
1325 2047 1534 2093 Pharisaei
1556 2047 1705 2094 audito

328 2141 348 2161 »
376 2120 461 2165 lioe
478 2119 614 2164 verbo
639 2117 918 2163 scandalizati
943 2127 1043 2162 sunt
1059 2118 1110 2163 33³
1131 2140 1150 2159 »
1180 2119 1263 2164 llic
1289 2129 1404 2165 certe
1427 2137 1449 2165 a
1469 2119 1707 2182 Discipulis

329 2189 639 2254 compellatus,
674 2188 827 2234 debuit
851 2205 936 2244 eos„
964 2189 1089 2234 sicuti
1116 2189 1186 2235 isti
1215 2190 1396 2245 volunt,
1425 2190 1605 2254 proprie
1625 2191 1708 2237 do-

332 2279 426 2307 cere
442 2260 496 2306 al)
516 2260 721 2305 omnibus
743 2260 949 2305 carnibus
963 2259 1286 2318 abstinendum,
1314 2261 1480 2307 utillud
1497 2262 1616 2324 quod
1631 2279 1709 2308 su-

326 2351 405 2396 pra
421 2331 551 2378 dixit:
569 2353 587 2373 «
604 2332 701 2377 Non
720 2331 837 2395 quod
858 2333 991 2377 intrat
1010 2332 1055 2377 in
1071 2349 1135 2386 os,
1156 2333 1706 2390 communicathominem‚

328 2425 349 2446 »
374 2402 447 2449 sed
471 2401 590 2467 quod
616 2402 813 2466 procedit
833 2401 887 2447 de
912 2419 1001 2459 ore,
1019 2423 1041 2443 »
1064 2404 1202 2449 turbis
1217 2403 1368 2450 dixisse
1386 2404 1617 2453 videretur.
1638 2406 1710 2452 Se-

330 2486 491 2539 quatur
511 2491 611 2534 ergo
632 2473 923 2532 Evangelista,
963 2484 1004 2519 et
1025 2473 1145 2519 dicat
1168 2474 1276 2538 quid
1295 2479 1387 2535 jam
1413 2493 1502 2521 non
1542 2477 1707 2535 turbis,

375 2577 384 2596 ¹
405 2578 471 2608 Ἱιι.
493 2586 515 2613 ι,
547 2575 596 2606 ι5.
622 2592 666 2598 —-
695 2572 711 2595 ²
736 2575 836 2618 Supra
868 2574 922 2607 1212.
955 2581 1066 2607 contra
1090 2576 1296 2614 Adimantum
1321 2588 1379 2622 cap
1422 2579 1472 2609 15.
1490 2596 1531 2601 --
1559 2575 1573 2600 ³
1591 2578 1709 2613 Manli.

331 2639 392 2667 xv,
422 2641 431 2659 ι
448 2640 474 2660 ι.
