1795 3253
292 256 385 316 394
712 269 747 297 s,
791 267 1035 297 Aucusnm
1072 265 1277 296 nrlscom

291 357 310 374 »
334 333 616 377 clamantem:
640 352 657 371 «
682 332 789 377 Haec
808 331 916 377 dicit
931 331 1142 376 Dominus
1158 330 1427 394 spadonibus
1443 332 1662 390 omnibus,

291 425 310 443 »
337 402 411 465 qni
435 401 758 446 observaverint
778 412 1002 464 praecepta
1021 417 1114 445 mea
1130 437 1142 456 ,
1163 411 1204 445 et
1239 401 1444 461 elegerint
1477 419 1578 466 quae
1589 420 1666 463 ego

291 497 307 511 υ
336 472 451 519 xolo.
473 482 513 515 et
538 470 821 516 custodierint
848 481 1149 516 testamentum
1173 488 1316 516 meum
1337 489 1348 516 ε
1376 471 1494 517 dabo
1526 472 1609 518 illis
1621 473 1669 519 in

289 566 308 584 »
335 543 464 587 ‹lomo
483 559 574 586 inea
597 552 638 585 et
660 541 705 586 in
720 558 843 585 muro
864 558 957 585 meo
978 541 1123 586 locum
1142 541 1431 597 nominatum,
1448 541 1669 588 meliorem

289 636 308 654 »
332 613 521 658 filiorum
546 623 588 656 et
608 611 822 656 filiarum:
845 628 999 655 nomen
1015 621 1229 656 {eternum
1243 610 1360 656 dabo
1380 611 1464 657 illis
1480 648 1491 667 ‚
1515 622 1558 657 et
1581 629 1670 657 non

291 706 310 724 υ
336 683 469 728 deerit
488 680 569 726 illis
586 680 620 727 1.
653 703 672 722 »
693 681 781 725 Aut
803 680 835 725 si
856 681 1123 725 contrarium
1150 690 1310 743 putant
1327 681 1481 726 lsa'iam
1507 681 1664 744 Moysi,

289 753 363 798 hie
395 753 452 797 eis
472 751 657 814 placeat,
680 750 713 795 si
736 749 806 795 ille
825 749 1052 812 displicet3
1092 766 1181 794 non
1204 760 1266 795 est
1285 767 1444 812 parum
1465 749 1670 796 adversus

288 823 401 868 istos
439 822 574 867 ‘Nobis
608 821 721 865 enim
749 819 906 865 sufficit
935 820 1041 864 seire
1066 836 1203 865 unum
1237 819 1380 865 Deum
1403 819 1602 866 locutum
1627 830 1670 865 et

291 910 368 955 per
396 890 572 954 Moysen
591 901 632 936 et
658 908 736 953 per
763 890 915 934 Iszi'iam
937 908 946 933 :
977 900 1018 933 et
1043 889 1320 935 maledictum
1347 906 1435 935 esse
1467 884 1665 947 omnem,

294 963 369 1024 qui
394 979 479 1007 non
503 959 771 1006 suseitauerit
796 976 939 1004 semen
957 958 1001 1002 in
1026 958 1176 1013 lsrael,
1204 959 1291 1005 sive
1313 969 1435 1015 tunc,
1462 953 1563 1004 cum
1587 976 1672 1025 po-

291 1033 397 1094 pulo
422 1031 658 1077 sicundum
679 1046 852 1075 carnem
878 1028 1164 1091 propagando
1185 1029 1313 1074 etiam
1330 1029 1514 1075 carnalis
1536 1029 1672 1092 prolis

294 1102 487 1163 operatio
506 1102 549 1145 in
575 1099 794 1159 conjugali
811 1099 1006 1143 castitate
1028 1097 1080 1143 ad
1105 1099 1295 1144 ossicium
1323 1099 1509 1144 civicum
1530 1099 1672 1162 perti-

292 1172 447 1223 1ie]);it;
483 1170 570 1215 sive
607 1187 742 1225 nunc,
765 1186 818 1214 ne
836 1168 1067 1231 qnisquam
1105 1169 1354 1231 spiritaliter
1376 1179 1519 1224 natus,
1549 1179 1674 1232 putet

294 1242 375 1285 sibi
399 1241 554 1285 debere
574 1239 769 1284 sufficere
788 1276 798 1293 ,
823 1256 900 1283 nec
926 1238 1054 1282 instet
1072 1238 1301 1284 dominicis
1325 1239 1458 1284 lucris
1479 1276 1489 1295 ,
1512 1239 1674 1302 quibus

294 1311 476 1372 quisque
503 1326 584 1372 pro
609 1308 788 1353 modulo
828 1324 905 1352 suo
931 1307 1217 1369 praedicando
1257 1309 1507 1365 Christum,
1544 1308 1675 1354 debet

295 1397 494 1440 generare
523 1377 808 1423 Christianos.
854 1379 918 1422 lta
945 1377 1019 1422 illa
1042 1377 1190 1423 divina
1228 1379 1437 1423 sententia
1478 1388 1674 1442 tempora

295 1450 518 1512 utriusque
546 1447 807 1493 Testamenti
831 1448 940 1492 mira
952 1447 1163 1493 brevitate
1177 1448 1486 1511 complectitur
1506 1466 1516 1494 :
1540 1470 1560 1491 «
1575 1449 1676 1494 Ma-

298 1541 318 1561 »
342 1519 526 1564 ledictus
547 1519 686 1565 omnis
705 1518 782 1581 qui
807 1534 895 1563 non
914 1518 1184 1565 suscitaverit
1201 1536 1344 1565 semen
1359 1519 1403 1565 in
1422 1517 1570 1566 lsrael.
1592 1539 1610 1560 υ

347 1609 448 1641 ¹Isa'i.
468 1619 532 1645 LVI,
556 1613 588 1643 4.

1731 293 1753 470 Ξ
