1795 3253
281 263 455 297 CONTRA
490 260 734 294 EPISTOLAM
769 260 1024 303 MANICHAEI,
1062 263 1150 295 LIB.
1192 265 1225 295 1.
1365 265 1454 311 207

86 350 216 394 regna
238 335 347 392 ejus,
375 340 525 375 utrum
547 327 674 373 unius
693 339 734 374 et
747 325 940 387 ejusdem
967 327 1220 375 substantia:
1235 340 1364 393 atque
1386 348 1462 376 na-

88 416 197 451 turae
215 403 333 458 sint‚-
348 411 390 445 et
406 401 536 444 Pater
561 409 603 443 et
626 415 755 457 regna
769 401 876 457 ejus,
896 407 938 441 et
952 407 1076 444 terra.
1109 399 1239 455 Quod
1261 401 1292 445 si
1314 401 1371 446 ita
1385 412 1464 459 est,

83 478 177 535 jam
196 490 282 519 non
306 469 430 535 quasi
448 469 578 515 aliam
602 479 820 524 naturam,
845 484 946 531 quae
969 469 1092 530 quasi
1116 486 1273 533 corpus
1292 471 1344 516 sit
1365 472 1462 527 Dei,

90 560 252 591 cuneus
269 542 341 589 ille
355 540 492 601 gentis
516 540 792 585 tenebrarum
827 537 1019 583 diffindit
1035 549 1077 583 et
1100 551 1323 602 penetrat;
1347 542 1468 605 quod

91 613 268 678 quidem
289 613 434 675 ipsum
463 620 568 656 esset
590 609 800 655 ineffabili
823 606 1096 655 deformitate
1130 612 1433 674 turpissimum
1455 630 1465 657 ε

95 683 168 730 sed
187 685 326 747 ipsam
356 681 533 727 omnino
554 691 755 725 naturam
786 679 867 725 Dei
899 695 1060 725 cuneus
1094 680 1165 726 ille
1198 682 1474 728 tenebrarum

97 753 292 800 diffindit
318 763 360 798 et
387 761 599 815 penetrat.
632 752 782 810 Rogo,
817 750 1002 809 cogitate
1036 750 1116 795 ista
1146 769 1156 796 :
1184 751 1383 798 homines
1406 770 1475 799 es—

96 826 182 870 tis:
209 839 332 883 rogo,
361 821 544 881 cogitate
561 821 660 877 ista,
686 828 735 866 et'
752 820 905 880 fugite,
933 820 1174 883 taliumque
1187 822 1476 885 phantasma-

98 905 192 939 tum
231 892 451 951 sacrilegia
483 891 701 937 dilaniatis
721 891 782 954 (si
813 891 906 936 fieri
935 892 1104 953 potest)
1139 894 1391 955 pectoribus
1422 894 1476 939 de

98 964 184 1010 fide
203 974 343 1011 vestra
365 962 580 1008 eradicate
614 973 744 1026 atque
776 961 1023 1025 propellite.
1064 965 1130 1008 An
1167 963 1328 1009 dicturi
1351 965 1473 1021 estis,

99 1051 188 1080 non
202 1033 331 1079 unius
353 1031 632 1095 ejusdemque
662 1043 832 1078 naturae
850 1031 922 1077 illa
953 1034 1033 1077 tria
1051 1049 1162 1089 6556,
1194 1034 1268 1079 sed
1308 1034 1480 1080 alterius

101 1106 293 1159 Patrem,
322 1102 494 1147 alterius
522 1119 650 1162 regna
665 1140 675 1159 ‚
699 1102 873 1148 alterius
899 1113 1057 1148 terram
1077 1141 1087 1160 ,
1117 1114 1166 1148 ut
1189 1121 1285 1150 suas
1309 1117 1483 1151 naturas

103 1185 231 1238 atque
251 1172 513 1218 substantias
534 1172 727 1218 habeant
744 1172 912 1232 singula
930 1173 1136 1230 diversas,
1164 1185 1205 1220 et
1219 1176 1479 1222 excellentiae

103 1244 314 1305 gradibus
340 1242 587 1289 ordinatas?
624 1244 758 1300 Quod
780 1244 815 1290 si
838 1261 989 1290 verum
1015 1255 1100 1300 est,
1130 1263 1218 1291 non
1244 1246 1367 1303 duas,
1409 1246 1483 1292 sed

103 1324 294 1378 quatuor
316 1324 494 1359 naturas
513 1314 787 1359 Manichaeus
818 1314 1059 1376 praedicare
1083 1315 1306 1363 debuerat.
1337 1317 1382 1362 Si
1407 1333 1488 1363 au-

104 1395 190 1430 tem
218 1401 350 1430 unam
374 1395 573 1430 naturam
596 1384 731 1429 habet
751 1386 880 1430 Pater
900 1396 940 1430 et
977 1402 1123 1445 regna,
1143 1396 1255 1432 terra
1274 1404 1373 1433 vero
1398 1387 1487 1434 sola

106 1453 339 1511 diversam,
363 1464 447 1499 tres
466 1464 629 1499 natura}
657 1453 829 1499 fuerant
847 1454 1159 1517 praedicandae.
1192 1458 1279 1502 Aut
1298 1458 1332 1502 si
1345 1475 1488 1521 prop—

106 1535 219 1570 terea
242 1524 350 1569 duas
366 1524 509 1569 dicere
523 1524 694 1577 maluit,
717 1525 820 1588 quia
839 1536 952 1570 terra
972 1526 1251 1572 tenebrarum
1274 1545 1362 1572 non
1376 1546 1483 1591 per-

107 1595 214 1640 tinet
239 1593 293 1639 ad
333 1595 498 1650 Deum,
537 1611 689 1656 quaero
722 1594 946 1657 quomodo
991 1594 1046 1640 ad
1071 1596 1210 1641 Deum
1243 1597 1352 1643 lucis
1378 1608 1490 1644 terra

107 1665 352 1728 pertineat?
393 1664 438 1709 Si
475 1664 590 1708 enim
613 1674 655 1709 et
680 1674 881 1710 naturam
908 1664 1046 1710 habet
1081 1665 1312 1723 diversam,
1338 1678 1380 1713 et
1402 1686 1489 1713 non

109 1753 204 1782 eam
221 1735 385 1796 genuit,
406 1751 547 1797 neque
559 1734 662 1780 fecit
679 1772 690 1791 ‚
711 1752 799 1780 non
813 1735 867 1780 ad
885 1752 983 1780 eum
1001 1737 1208 1798 pertinet,
1233 1749 1275 1783 et
1293 1739 1338 1783 in
1352 1739 1492 1785 alieno

110 1822 239 1865 regna
258 1808 349 1864 ejus
373 1804 514 1849 locata
541 1814 655 1850 sunt.
700 1805 789 1850 Aut
829 1804 862 1849 si
898 1816 1130 1868 propterea
1153 1808 1365 1870 pertinet,
1391 1810 1495 1872 quia

109 1875 255 1923 vicina
278 1885 366 1932 est,
393 1874 609 1938 pertineat
642 1886 684 1920 et
714 1886 827 1920 terra
850 1876 1158 1933 tenebrarum,
1198 1895 1298 1942 quae
1332 1891 1492 1926 terram

111 1946 221 1992 lucis
244 1963 332 1991 non
356 1945 487 1991 modo
516 1946 738 1992 vicinitate
767 1946 980 2006 contingit
997 1984 1008 2003 ‚
1043 1948 1115 1993 sed
1142 1949 1270 1995 etiam
1296 1962 1496 2014 penetra-

115 2017 231 2062 tione
275 2016 496 2062 dissulcat.
526 2017 572 2061 Si
608 2026 752 2061 autem
776 2017 923 2076 genuit
957 2035 1080 2075 63111,
1114 2036 1202 2064 non
1243 2038 1338 2066 eam
1375 2023 1495 2068 credi

117 2096 289 2151 oportet
321 2085 535 2131 diversam
571 2086 732 2131 habere
774 2097 991 2134 naturam.
1023 2089 1157 2144 Quod
1192 2091 1307 2136 enim
1349 2093 1498 2152 genuit

118 2158 250 2210 Deus,
277 2156 364 2202 hoc
388 2167 560 2220 oportet
577 2156 696 2202 credi
713 2173 798 2203 esse
812 2157 933 2221 quod
960 2159 1077 2204 Deus
1100 2171 1177 2216 est,
1197 2162 1310 2207 sicut
1332 2162 1385 2207 de
1403 2163 1496 2208 uni-

119 2228 261 2288 genito
281 2227 390 2273 Filio
408 2228 453 2273 in
473 2227 703 2273 Catholica
721 2227 926 2276 creditur.
951 2230 1104 2294 Itaque
1119 2231 1174 2277 ad
1197 2232 1314 2278 illam
1324 2231 1497 2293 fugien-

118 2298 222 2343 dam
245 2308 286 2343 et
307 2297 603 2344 detestandam
631 2299 945 2362 turpitudinem
965 2317 1042 2347 vos
1059 2303 1284 2348 necessitas
1301 2315 1494 2360 revocat,

121 2379 172 2414 ut
187 2386 276 2415 non
298 2379 454 2415 terram
489 2369 612 2433 quasi
657 2369 785 2415 aliam
822 2381 952 2434 atque
975 2370 1188 2418 diversam
1206 2411 1218 2430 ,
1255 2373 1327 2419 sed
1358 2375 1499 2437 ipsam

122 2439 203 2484 Dei
224 2450 424 2484 naturam
440 2439 561 2500 niger
577 2439 649 2485 ille
670 2457 833 2486 cuneus
851 2440 1066 2489 diffindat.
1094 2444 1223 2500 Quod
1254 2444 1287 2489 si
1320 2461 1407 2489 non
1425 2462 1500 2505 ge·-

123 2509 236 2566 nuit,
263 2509 336 2555 sed
355 2509 458 2556 fecit
477 2527 572 2556 eam
606 2511 740 2567 Deus,
777 2528 929 2575 quaero
963 2512 1080 2558 unde
1104 2513 1266 2561 fecerit.
1295 2514 1340 2560 Si
1377 2515 1431 2561 de
1463 2533 1504 2561 se

123 2579 220 2644 ipso
232 2617 246 2640 ,
261 2580 369 2645 quid
386 2580 505 2629 aliud
530 2591 592 2628 est
619 2582 842 2643 genuisse?
870 2581 917 2630 Si
935 2582 988 2631 de
1002 2584 1141 2632 aliena
1165 2584 1309 2649 aliqua
1327 2596 1501 2643 natura,
