1795 3253
274 300 450 331 CONTRA
485 297 688 329 FAUSTUM
725 294 1030 338 MANICHAEUM‚
1071 297 1158 328 Lm.
1201 297 1249 329 11.
1359 286 1446 342 941

81 365 171 426 gari
190 383 276 411 non
294 365 542 430 potuerint,
561 368 653 424 jam
672 361 745 408 illo
765 361 861 421 igne
882 361 1036 407 ultimo
1054 379 1141 425 quo
1157 362 1247 425 ipse
1269 364 1459 411 mundus

82 435 274 493 ardebit,
297 437 521 483 solvantur
556 446 686 498 atque
720 432 1009 497 purgentur-¹.
1050 433 1140 479 Nec
1170 444 1308 479 tamen
1330 437 1460 481 etiam

82 518 186 553 tunc
200 518 341 553 totum
360 506 587 552 Christum
613 504 756 550 dicitis
775 520 899 568 posse
917 503 1117 560 liberari,
1135 504 1207 550 sed
1226 509 1316 564 ejus
1330 507 1462 553 bonae

81 578 328 642 divinaeque
342 589 509 624 naturae
526 577 776 624 novissimas
794 574 1073 638 residuasque
1090 576 1344 638 particulas,
1361 595 1464 642 quae

80 650 140 695 ita
170 649 402 695 sordidatae
422 660 520 695 sunt
542 686 553 705 ‚
586 659 635 693 ut
656 646 778 693 nullo
804 645 938 691 modo
963 645 1073 691 dilui
1104 645 1274 692 valeant
1291 685 1301 704 ,
1337 647 1465 695 dam-

81 716 1322 778 naninzeuffnun1confixasghflJJhorfidotenebnffunL
1353 720 1464 766 Ecce

82 791 231 854 quise
267 791 440 850 fingunt
474 789 722 849 hsthgnafi,
763 786 883 852 quod
919 787 1463 850 Fssk)])ffl.fiatinfflnia‚

81 864 185 925 quia
219 879 316 908 eum
350 872 503 907 natum
542 861 662 906 stella
689 859 1001 905 demonstrasse
1027 857 1226 915 dicatur,
1260 870 1471 925 tanquam

83 933 243 992 genesis
269 936 359 993 ejus
383 933 464 978 sub
484 932 606 978 fatali
639 930 966 979 constellatione
995 929 1049 975 sit
1083 930 1346 986 constituta3
1369 950 1470 979 cum

83 1019 182 1048 eum
204 1003 289 1066 ipsi
321 1020 410 1049 non
441 1013 611 1049 tantum
643 1002 725 1048 sub
760 1001 980 1047 stellarum
1010 1001 1300 1059 connexione,
1332 1004 1472 1051 sedin

83 1073 268 1120 vinculis
286 1073 482 1123 omnium
507 1084 777 1119 terrenorum
796 1108 807 1127 ‚
834 1082 876 1116 et
907 1071 953 1116 in
977 1071 1118 1117 succis
1142 1073 1338 1120 omnium
1366 1075 1473 1122 her-

83 1142 241 1189 barum
260 1181 271 1200 ,
299 1155 340 1189 et
364 1145 410 1189 in
432 1143 666 1207 putredine
686 1143 885 1188 omnium
907 1141 1105 1187 carnium
1125 1179 1135 1199 ‚
1165 1143 1264 1189 etin
1290 1163 1472 1211 corrup-

87 1213 203 1260 tione
229 1215 425 1260 omnium
448 1215 653 1260 ciborum
672 1251 683 1270 ‚
705 1213 766 1258 ita
786 1212 966 1273 ligatum
984 1212 1292 1279 pollutumque
1315 1219 1473 1264 consti-

85 1294 235 1341 tuant,
276 1295 325 1330 ut
358 1302 406 1331 ex
444 1302 599 1345 magna
619 1321 630 1340 ,
673 1300 764 1329 non
805 1294 949 1328 tamen
980 1300 1027 1328 ex
1063 1294 1152 1329 tota
1186 1296 1335 1348 parte,
1365 1289 1474 1337 solvi

84 1355 350 1419 purgarique
368 1373 456 1402 non
472 1355 625 1419 possit,
643 1353 725 1399 nisi
743 1364 784 1399 et
803 1354 859 1398 ab
879 1353 1155 1411 hominibus,
1174 1355 1333 1404 Electis
1352 1360 1470 1406 vide-

85 1424 185 1470 licet
201 1426 547 1472 Manichaeorum
562 1463 572 1481 ‚
592 1425 719 1471 etiam
734 1425 779 1470 in
794 1425 936 1488 porris
950 1424 1243 1489 radiculisque
1255 1440 1467 1480 ructetur.

150 1498 207 1542 Et
242 1514 320 1543 nos
359 1497 538 1562 qunhssn
575 1497 657 1543 sub
697 1495 786 1542 fiuo
824 1496 1043 1542 smssamnn
1081 1497 1244 1544 nuflhm
1278 1500 1470 1550 honfinss

85 1569 272 1627 genesim
291 1569 518 1632 ponimus,
547 1578 597 1613 ut
617 1566 805 1613 liberum
838 1566 1070 1612 arbitrium
1095 1568 1356 1629 voluntatis,
1381 1591 1471 1637 quo

84 1637 153 1685 vel
176 1638 286 1684 bene
304 1639 371 1685 vel
391 1638 501 1684 male
526 1639 691 1686 vivitur
708 1675 719 1694 ,
754 1648 937 1701 propter
964 1640 1130 1697 justum
1153 1640 1371 1700 judicium
1390 1647 1472 1693 Dei

86 1707 143 1753 ab
168 1709 288 1754 omni
317 1709 577 1755 necessitatis
600 1708 777 1755 vinculo
806 1707 1078 1754 vindicemus
1102 1727 1112 1754 :
1140 1722 1304 1774 quanto
1329 1715 1475 1764 minus

77 1775 201 1823 *illius
222 1778 503 1842 temporalem
527 1778 844 1839 generationem
873 1778 956 1823 sub
980 1790 1194 1826 astrorum
1220 1784 1474 1835 conditione

86 1847 303 1895 credimus
319 1849 476 1896 factam
492 1888 503 1907 ‚
525 1850 602 1914 qui
622 1860 683 1895 est
707 1860 892 1896 aeternus
913 1850 1211 1898 universorum
1233 1855 1412 1904 Creator
1428 1869 1472 1906 et

86 1918 329 1967 Dominus?
355 1922 508 1986 Itaque
521 1921 596 1967 illa
614 1921 735 1966 stella
749 1938 881 1985 quam
901 1920 1106 1968 viderunt
1129 1923 1267 1984 Magi,
1290 1927 1467 1976 Christo

85 1990 325 2037 secundum
346 2009 519 2038 carnem
544 2003 645 2038 nato
663 2029 673 2048 ,
703 2009 790 2038 non
815 1991 867 2036 ad
890 1991 1110 2039 decretum
1133 1993 1462 2059 dominabatur,

84 2061 158 2106 sed
194 2062 248 2108 ad
282 2064 580 2109 teffljnunnuna
613 2062 933 2117 finnuhdxnur3
967 2081 1046 2110 nec
1078 2068 1468 2129 eunisulnjkflebat

84 2130 270 2195 imperio
284 2170 294 2188 ,
319 2133 390 2180 sed
410 2134 636 2181 indicabat
654 2134 878 2199 obsequio.
899 2135 1090 2181 Proinde
1108 2154 1196 2182 non
1215 2156 1262 2184 ex
1276 2140 1359 2187 illis
1377 2156 1470 2191 erat

85 2199 185 2248 haec
211 2203 341 2250 stellis
356 2242 366 2261 ‚
410 2222 510 2269 quae
547 2206 603 2252 ab
634 2205 760 2252 initio
800 2216 1010 2252 creaturae
1046 2206 1252 2256 itinerum
1287 2229 1466 2262 suorum

85 2272 282 2320 ordinem
300 2276 381 2321 sub
402 2277 617 2323 Creatoris
638 2276 729 2336 lege
747 2276 1025 2331 custodiunt3
1048 2278 1119 2324 sed
1145 2297 1259 2327 novo
1279 2283 1466 2345 Virginis

84 2347 580 2407 paru1‚novun1ssthffi
613 2347 844 2411 apparust,
873 2347 993 2411 quod
1023 2349 1466 2404 nnnssuniuniosshii

85 2415 151 2460 sui
173 2415 304 2461 etiam
324 2416 428 2480 ipsis
452 2418 588 2478 Magis
622 2418 920 2482 quaerentibus
947 2418 1171 2466 Christum
1191 2459 1202 2478 ‚
1238 2441 1338 2471 cum
1366 2438 1464 2474 ante

84 2483 239 2532 faciem
258 2487 459 2550 praeiret,
491 2489 716 2545 exhibuit,
739 2489 878 2535 donec
902 2507 972 2535 eos
992 2507 1126 2554 usque
1148 2492 1203 2538 ad
1233 2494 1376 2558 ipsum
1395 2498 1465 2544 lo-

87 2572 189 2602 cum
213 2558 292 2603 ubi
311 2558 392 2604 Dei
413 2559 607 2606 Verbum
630 2559 770 2606 infans
789 2571 906 2616 erat,
927 2561 1168 2624 praeeundo
1187 2565 1458 2627 perduceret.

138 2641 148 2662 ¹
172 2653 188 2672 ἰ
210 2644 295 2676 Pctr.
317 2653 370 2681 ιιι,
391 2654 440 2675 10.

217 2709 364 2742 cxxxv.
1257 2703 1309 2747 ;(5
