<?xml version="1.0" encoding="UTF-8"?>
<!DOCTYPE html PUBLIC "-//W3C//DTD XHTML 1.0 Transitional//EN"
    "http://www.w3.org/TR/xhtml1/DTD/xhtml1-transitional.dtd">
<html xmlns="http://www.w3.org/1999/xhtml" xml:lang="en" lang="en">
 <head>
  <title>
</title>
<meta http-equiv="Content-Type" content="text/html;charset=utf-8" />
  <meta name='ocr-system' content='tesseract 3.04.00' />
  <meta name='ocr-capabilities' content='ocr_page ocr_carea ocr_par ocr_line ocrx_word'/>
</head>
<body>
  <div class='ocr_page' id='page_1' title='image "./operaomniaaccura28auguuoft/operaomniaaccura28auguuoft_0124.png"; bbox 0 0 1795 3253; ppageno 0'>
   <div class='ocr_carea' id='block_1_1' title="bbox 354 305 1329 359">
    <p class='ocr_par' dir='ltr' id='par_1_1' title="bbox 354 305 1329 359">
     <span class='ocr_line' id='line_1_1' title="bbox 354 305 1329 359; baseline -0.009 -9"><span class='ocrx_word' id='word_1_1' title='bbox 354 319 367 350; x_wconf 88' lang='lat'>1</span> <span class='ocrx_word' id='word_1_2' title='bbox 388 305 441 359; x_wconf 61' lang='lat'>¹4</span> <span class='ocrx_word' id='word_1_3' title='bbox 769 316 804 346; x_wconf 89' lang='grc'>5.</span> <span class='ocrx_word' id='word_1_4' title='bbox 847 313 1090 345; x_wconf 64' lang='grc' dir='ltr'>Αυουετικι</span> <span class='ocrx_word' id='word_1_5' title='bbox 1127 312 1329 343; x_wconf 71' lang='grc' dir='ltr'>ΕΡῐ5οοΡῙ</span> 
     </span>
    </p>
   </div>
   <div class='ocr_carea' id='block_1_2' title="bbox 347 376 1795 1152">
    <p class='ocr_par' dir='ltr' id='par_1_2' title="bbox 347 376 1795 1152">
     <span class='ocr_line' id='line_1_2' title="bbox 347 376 1726 440; baseline -0.004 -12"><span class='ocrx_word' id='word_1_6' title='bbox 347 383 503 430; x_wconf 82' lang='lat' dir='ltr'>debere</span> <span class='ocrx_word' id='word_1_7' title='bbox 518 380 716 427; x_wconf 80' lang='lat' dir='ltr'>inimicos</span> <span class='ocrx_word' id='word_1_8' title='bbox 738 390 924 435; x_wconf 76' lang='lat' dir='ltr'>nostros,</span> <span class='ocrx_word' id='word_1_9' title='bbox 949 390 997 424; x_wconf 91' lang='lat' dir='ltr'>ut</span> <span class='ocrx_word' id='word_1_10' title='bbox 1014 377 1170 424; x_wconf 82' lang='lat' dir='ltr'>similes</span> <span class='ocrx_word' id='word_1_11' title='bbox 1195 378 1325 422; x_wconf 84' lang='lat' dir='ltr'>simus</span> <span class='ocrx_word' id='word_1_12' title='bbox 1349 376 1468 423; x_wconf 90' lang='lat' dir='ltr'>Patri</span> <span class='ocrx_word' id='word_1_13' title='bbox 1488 387 1633 422; x_wconf 82' lang='lat' dir='ltr'>nostro</span> <span class='ocrx_word' id='word_1_14' title='bbox 1649 377 1726 440; x_wconf 92' lang='lat' dir='ltr'>qui</span> 
     </span>
     <span class='ocr_line' id='line_1_3' title="bbox 348 446 1726 513; baseline -0.004 -16"><span class='ocrx_word' id='word_1_15' title='bbox 348 454 391 498; x_wconf 88' lang='lat' dir='ltr'>in</span> <span class='ocrx_word' id='word_1_16' title='bbox 418 452 538 498; x_wconf 80' lang='lat' dir='ltr'>coelis</span> <span class='ocrx_word' id='word_1_17' title='bbox 567 450 666 497; x_wconf 74' lang='lat' dir='ltr'>est¹.</span> <span class='ocrx_word' id='word_1_18' title='bbox 705 450 838 508; x_wconf 85' lang='lat' dir='ltr'>Quod</span> <span class='ocrx_word' id='word_1_19' title='bbox 863 450 906 495; x_wconf 90' lang='lat' dir='ltr'>in</span> <span class='ocrx_word' id='word_1_20' title='bbox 931 460 1141 513; x_wconf 82' lang='lat' dir='ltr'>potestate</span> <span class='ocrx_word' id='word_1_21' title='bbox 1165 459 1309 493; x_wconf 83' lang='lat' dir='ltr'>nostra</span> <span class='ocrx_word' id='word_1_22' title='bbox 1333 446 1387 492; x_wconf 83' lang='lat' dir='ltr'>ab</span> <span class='ocrx_word' id='word_1_23' title='bbox 1410 448 1503 510; x_wconf 89' lang='lat' dir='ltr'>ipso</span> <span class='ocrx_word' id='word_1_24' title='bbox 1529 448 1619 492; x_wconf 92' lang='lat' dir='ltr'>Deo</span> <span class='ocrx_word' id='word_1_25' title='bbox 1640 463 1726 492; x_wconf 88' lang='grc'>0550</span> 
     </span>
     <span class='ocr_line' id='line_1_4' title="bbox 348 517 1795 587; baseline -0.002 -22"><span class='ocrx_word' id='word_1_26' title='bbox 348 524 540 587; x_wconf 80' lang='lat' dir='ltr'>positum</span> <span class='ocrx_word' id='word_1_27' title='bbox 567 521 695 567; x_wconf 84' lang='lat' dir='ltr'>docet</span> <span class='ocrx_word' id='word_1_28' title='bbox 726 521 970 584; x_wconf 73' lang='lat' dir='ltr'>Scriptura,</span> <span class='ocrx_word' id='word_1_29' title='bbox 1003 537 1103 565; x_wconf 84' lang='lat' dir='ltr'>eum</span> <span class='ocrx_word' id='word_1_30' title='bbox 1130 519 1238 564; x_wconf 81' lang='lat' dir='ltr'>dicit</span> <span class='ocrx_word' id='word_1_31' title='bbox 1261 536 1271 562; x_wconf 79' lang='lat' dir='ltr'>z</span> <span class='ocrx_word' id='word_1_32' title='bbox 1294 539 1314 559; x_wconf 86' lang='lat'>&lt;‹</span> <span class='ocrx_word' id='word_1_33' title='bbox 1337 517 1465 563; x_wconf 80' lang='lat' dir='ltr'>Dedit</span> <span class='ocrx_word' id='word_1_34' title='bbox 1493 517 1550 562; x_wconf 88' lang='lat' dir='ltr'>eis</span> <span class='ocrx_word' id='word_1_35' title='bbox 1576 527 1727 580; x_wconf 86' lang='lat' dir='ltr'>potcs—</span> <span class='ocrx_word' id='word_1_36' title='bbox 1794 576 1795 579; x_wconf 11' lang='grc' dir='ltr'><strong>Ἴ</strong></span> 
     </span>
     <span class='ocr_line' id='line_1_5' title="bbox 350 581 1795 639; baseline -0.004 -4"><span class='ocrx_word' id='word_1_37' title='bbox 350 615 371 635; x_wconf 78' lang='grc'>»</span> <span class='ocrx_word' id='word_1_38' title='bbox 397 604 526 639; x_wconf 84' lang='lat' dir='ltr'>tatem</span> <span class='ocrx_word' id='word_1_39' title='bbox 564 593 673 639; x_wconf 83' lang='lat' dir='ltr'>filios</span> <span class='ocrx_word' id='word_1_40' title='bbox 709 592 790 637; x_wconf 81' lang='lat' dir='ltr'>Dei</span> <span class='ocrx_word' id='word_1_41' title='bbox 826 592 958 638; x_wconf 76' lang='lat' dir='ltr'>ficri2.</span> <span class='ocrx_word' id='word_1_42' title='bbox 995 613 1013 631; x_wconf 88' lang='lat'>»</span> <span class='ocrx_word' id='word_1_43' title='bbox 1041 590 1136 634; x_wconf 85' lang='lat' dir='ltr'>Filii</span> <span class='ocrx_word' id='word_1_44' title='bbox 1160 600 1302 634; x_wconf 83' lang='lat' dir='ltr'>autem</span> <span class='ocrx_word' id='word_1_45' title='bbox 1331 588 1495 634; x_wconf 81' lang='lat' dir='ltr'>diaboli</span> <span class='ocrx_word' id='word_1_46' title='bbox 1521 588 1730 634; x_wconf 82' lang='lat' dir='ltr'>(licuntur</span> <span class='ocrx_word' id='word_1_47' title='bbox 1792 581 1795 629; x_wconf 71' lang='lat' dir='ltr'>i</span> 
     </span>
     <span class='ocr_line' id='line_1_6' title="bbox 350 650 1795 723; baseline -0.003 -14"><span class='ocrx_word' id='word_1_48' title='bbox 350 664 565 714; x_wconf 78' lang='lat' dir='ltr'>homines,</span> <span class='ocrx_word' id='word_1_49' title='bbox 595 680 695 708; x_wconf 81' lang='lat' dir='ltr'>cum</span> <span class='ocrx_word' id='word_1_50' title='bbox 729 662 956 707; x_wconf 78' lang='lat' dir='ltr'>imitantur</span> <span class='ocrx_word' id='word_1_51' title='bbox 989 664 1080 720; x_wconf 81' lang='lat' dir='ltr'>ejus</span> <span class='ocrx_word' id='word_1_52' title='bbox 1112 660 1291 723; x_wconf 88' lang='lat' dir='ltr'>impiam</span> <span class='ocrx_word' id='word_1_53' title='bbox 1327 659 1596 723; x_wconf 81' lang='lat' dir='ltr'>superbiam,</span> <span class='ocrx_word' id='word_1_54' title='bbox 1636 668 1678 704; x_wconf 85' lang='lat' dir='ltr'>et</span> <span class='ocrx_word' id='word_1_55' title='bbox 1709 677 1732 704; x_wconf 86' lang='lat' dir='ltr'>a</span> <span class='ocrx_word' id='word_1_56' title='bbox 1794 650 1795 656; x_wconf 28' lang='lat'>¹</span> 
     </span>
     <span class='ocr_line' id='line_1_7' title="bbox 350 729 1733 798; baseline -0.004 -19"><span class='ocrx_word' id='word_1_57' title='bbox 350 734 449 780; x_wconf 80' lang='lat' dir='ltr'>luce</span> <span class='ocrx_word' id='word_1_58' title='bbox 470 745 597 798; x_wconf 81' lang='lat' dir='ltr'>atque</span> <span class='ocrx_word' id='word_1_59' title='bbox 619 733 874 778; x_wconf 69' lang='lat' dir='ltr'>celsitudine</span> <span class='ocrx_word' id='word_1_60' title='bbox 895 731 1116 795; x_wconf 60' lang='lat' dir='ltr'>sapientia*</span> <span class='ocrx_word' id='word_1_61' title='bbox 1134 730 1362 783; x_wconf 78' lang='lat' dir='ltr'>decidunt,</span> <span class='ocrx_word' id='word_1_62' title='bbox 1384 741 1426 775; x_wconf 90' lang='lat' dir='ltr'>et</span> <span class='ocrx_word' id='word_1_63' title='bbox 1440 747 1529 775; x_wconf 91' lang='lat' dir='ltr'>non</span> <span class='ocrx_word' id='word_1_64' title='bbox 1548 729 1733 775; x_wconf 88' lang='lat' dir='ltr'>credunt</span> 
     </span>
     <span class='ocr_line' id='line_1_8' title="bbox 351 800 1734 868; baseline -0.004 -17"><span class='ocrx_word' id='word_1_65' title='bbox 351 806 521 852; x_wconf 81' lang='lat' dir='ltr'>veritati</span> <span class='ocrx_word' id='word_1_66' title='bbox 545 823 555 850; x_wconf 89' lang='lat'>:</span> <span class='ocrx_word' id='word_1_67' title='bbox 579 804 727 868; x_wconf 84' lang='lat' dir='ltr'>quales</span> <span class='ocrx_word' id='word_1_68' title='bbox 767 803 981 849; x_wconf 85' lang='lat' dir='ltr'>Dominus</span> <span class='ocrx_word' id='word_1_69' title='bbox 1019 802 1188 861; x_wconf 79' lang='lat' dir='ltr'>arguit.</span> <span class='ocrx_word' id='word_1_70' title='bbox 1224 818 1324 846; x_wconf 88' lang='lat' dir='ltr'>cum</span> <span class='ocrx_word' id='word_1_71' title='bbox 1360 800 1541 847; x_wconf 78' lang='lat' dir='ltr'>dicitz«</span> <span class='ocrx_word' id='word_1_72' title='bbox 1561 800 1648 846; x_wconf 87' lang='lat' dir='ltr'>Vos</span> <span class='ocrx_word' id='word_1_73' title='bbox 1687 817 1734 846; x_wconf 83' lang='lat' dir='ltr'>ex</span> 
     </span>
     <span class='ocr_line' id='line_1_9' title="bbox 350 871 1734 939; baseline -0.004 -18"><span class='ocrx_word' id='word_1_74' title='bbox 350 897 371 918; x_wconf 79' lang='lat'>»</span> <span class='ocrx_word' id='word_1_75' title='bbox 395 887 518 939; x_wconf 87' lang='lat' dir='ltr'>patre</span> <span class='ocrx_word' id='word_1_76' title='bbox 551 875 729 921; x_wconf 87' lang='lat' dir='ltr'>diabolo</span> <span class='ocrx_word' id='word_1_77' title='bbox 764 874 909 926; x_wconf 60' lang='lat' dir='ltr'>estis-⁹³,</span> <span class='ocrx_word' id='word_1_78' title='bbox 940 885 1020 919; x_wconf 84' lang='lat' dir='ltr'>ete.</span> <span class='ocrx_word' id='word_1_79' title='bbox 1052 895 1072 914; x_wconf 83' lang='lat'>»</span> <span class='ocrx_word' id='word_1_80' title='bbox 1101 872 1185 918; x_wconf 87' lang='lat' dir='ltr'>Cui</span> <span class='ocrx_word' id='word_1_81' title='bbox 1213 871 1309 918; x_wconf 89' lang='lat' dir='ltr'>loeo</span> <span class='ocrx_word' id='word_1_82' title='bbox 1335 871 1596 932; x_wconf 80' lang='lat' dir='ltr'>Evangelico</span> <span class='ocrx_word' id='word_1_83' title='bbox 1620 871 1734 916; x_wconf 81' lang='lat' dir='ltr'>Pro—</span> 
     </span>
     <span class='ocr_line' id='line_1_10' title="bbox 352 942 1737 1011; baseline -0.004 -18"><span class='ocrx_word' id='word_1_84' title='bbox 352 946 489 1011; x_wconf 82' lang='lat' dir='ltr'>pheta</span> <span class='ocrx_word' id='word_1_85' title='bbox 512 957 737 995; x_wconf 79' lang='lat' dir='ltr'>consonat.</span> <span class='ocrx_word' id='word_1_86' title='bbox 763 946 911 992; x_wconf 82' lang='lat' dir='ltr'>dicens</span> <span class='ocrx_word' id='word_1_87' title='bbox 936 963 946 990; x_wconf 81' lang='lat' dir='ltr'>t</span> <span class='ocrx_word' id='word_1_88' title='bbox 971 967 990 986; x_wconf 89' lang='lat'>«</span> <span class='ocrx_word' id='word_1_89' title='bbox 1016 945 1105 1004; x_wconf 77' lang='lat' dir='ltr'>Ego</span> <span class='ocrx_word' id='word_1_90' title='bbox 1130 943 1217 990; x_wconf 82' lang='lat' dir='ltr'>dixi</span> <span class='ocrx_word' id='word_1_91' title='bbox 1239 962 1248 989; x_wconf 93' lang='lat'><strong>:</strong></span> <span class='ocrx_word' id='word_1_92' title='bbox 1272 943 1346 989; x_wconf 91' lang='lat' dir='ltr'>Dii</span> <span class='ocrx_word' id='word_1_93' title='bbox 1369 943 1482 999; x_wconf 84' lang='lat' dir='ltr'>estis,</span> <span class='ocrx_word' id='word_1_94' title='bbox 1508 954 1549 988; x_wconf 85' lang='lat' dir='ltr'>et</span> <span class='ocrx_word' id='word_1_95' title='bbox 1564 942 1643 988; x_wconf 87' lang='lat' dir='ltr'>filii</span> <span class='ocrx_word' id='word_1_96' title='bbox 1663 942 1737 989; x_wconf 87' lang='lat' dir='ltr'>Al-</span> 
     </span>
     <span class='ocr_line' id='line_1_11' title="bbox 353 1013 1738 1070; baseline -0.004 -7"><span class='ocrx_word' id='word_1_97' title='bbox 353 1039 376 1060; x_wconf 85' lang='lat'>»</span> <span class='ocrx_word' id='word_1_98' title='bbox 402 1018 551 1063; x_wconf 78' lang='lat' dir='ltr'>tissimi</span> <span class='ocrx_word' id='word_1_99' title='bbox 584 1033 851 1063; x_wconf 75' lang='lat' dir='ltr'>onineszvos</span> <span class='ocrx_word' id='word_1_100' title='bbox 887 1027 1028 1062; x_wconf 87' lang='lat' dir='ltr'>autem</span> <span class='ocrx_word' id='word_1_101' title='bbox 1066 1026 1114 1061; x_wconf 92' lang='lat' dir='ltr'>ut</span> <span class='ocrx_word' id='word_1_102' title='bbox 1150 1015 1350 1061; x_wconf 86' lang='lat' dir='ltr'>homines</span> <span class='ocrx_word' id='word_1_103' title='bbox 1390 1013 1653 1070; x_wconf 85' lang='lat' dir='ltr'>moriemini,</span> <span class='ocrx_word' id='word_1_104' title='bbox 1695 1023 1738 1058; x_wconf 86' lang='lat' dir='ltr'>et</span> 
     </span>
     <span class='ocr_line' id='line_1_12' title="bbox 353 1085 1300 1152; baseline -0.008 -17"><span class='ocrx_word' id='word_1_105' title='bbox 353 1109 375 1130; x_wconf 66' lang='lat'>&gt;2</span> <span class='ocrx_word' id='word_1_106' title='bbox 401 1089 514 1134; x_wconf 80' lang='lat' dir='ltr'>sicut</span> <span class='ocrx_word' id='word_1_107' title='bbox 539 1104 650 1134; x_wconf 89' lang='lat' dir='ltr'>unus</span> <span class='ocrx_word' id='word_1_108' title='bbox 673 1105 721 1134; x_wconf 82' lang='lat' dir='ltr'>ex</span> <span class='ocrx_word' id='word_1_109' title='bbox 744 1086 1023 1152; x_wconf 84' lang='lat' dir='ltr'>principibus</span> <span class='ocrx_word' id='word_1_110' title='bbox 1050 1085 1250 1133; x_wconf 41' lang='lat' dir='ltr'>cadetis&amp;</span> <span class='ocrx_word' id='word_1_111' title='bbox 1280 1107 1300 1128; x_wconf 86' lang='lat'>»</span> 
     </span>
    </p>
   </div>
   <div class='ocr_carea' id='block_1_3' title="bbox 356 1262 1740 1412">
    <p class='ocr_par' dir='ltr' id='par_1_3' title="bbox 356 1262 1740 1412">
     <span class='ocr_line' id='line_1_13' title="bbox 356 1262 1740 1276; baseline -0.001 0"><span class='ocrx_word' id='word_1_112' title='bbox 356 1264 1548 1276; x_wconf 42' lang='grc' dir='ltr'>’δὶἱἋΜὶ-ὈἜὮἊἏὌΏΏΒἜὈΒἜΏδὶὓὶὢὶδὶἱῑνὶ-ἎδὶὶἱῦΊ-ἱδὶἱῑὶὢῑὶἱὶἿὶ</span> <span class='ocrx_word' id='word_1_113' title='bbox 1554 1264 1612 1275; x_wconf 53' lang='grc' dir='ltr'>ἱὶᾯ</span> <span class='ocrx_word' id='word_1_114' title='bbox 1620 1262 1740 1275; x_wconf 49' lang='lat' dir='ltr'>mn!</span> 
     </span>
     <span class='ocr_line' id='line_1_14' title="bbox 908 1369 1170 1411; baseline 0.004 -2"><span class='ocrx_word' id='word_1_115' title='bbox 908 1369 937 1409; x_wconf 81' lang='lat' dir='ltr'><strong><em>C</em></strong></span> <span class='ocrx_word' id='word_1_116' title='bbox 954 1369 975 1411; x_wconf 61' lang='lat' dir='ltr'>l</span> <span class='ocrx_word' id='word_1_117' title='bbox 1038 1370 1043 1384; x_wconf 63' lang='lat'>‘¹</span> <span class='ocrx_word' id='word_1_118' title='bbox 1118 1369 1170 1411; x_wconf 70' lang='lat' dir='ltr'>w</span> 
     </span>
     <span class='ocr_line' id='line_1_15' title="bbox 931 1369 1184 1412; baseline 0.012 -2"><span class='ocrx_word' id='word_1_119' title='bbox 931 1393 956 1411; x_wconf 69' lang='lat' dir='ltr'>al</span> <span class='ocrx_word' id='word_1_120' title='bbox 980 1369 1043 1412; x_wconf 63' lang='lat' dir='ltr'>pb</span> <span class='ocrx_word' id='word_1_121' title='bbox 1052 1369 1085 1412; x_wconf 83' lang='lat' dir='ltr'><strong>T</strong></span> <span class='ocrx_word' id='word_1_122' title='bbox 1176 1401 1184 1410; x_wconf 74' lang='grc' dir='ltr'><strong><em>ο</em></strong></span> 
     </span>
    </p>
   </div>
   <div class='ocr_carea' id='block_1_4' title="bbox 354 1503 1753 2486">
    <p class='ocr_par' dir='ltr' id='par_1_4' title="bbox 354 1503 1753 2486">
     <span class='ocr_line' id='line_1_16' title="bbox 419 1503 1740 1569; baseline -0.001 -17"><span class='ocrx_word' id='word_1_123' title='bbox 419 1507 487 1552; x_wconf 74' lang='grc' dir='ltr'>ΒΕ</span> <span class='ocrx_word' id='word_1_124' title='bbox 512 1522 561 1551; x_wconf 86' lang='lat' dir='ltr'>eo</span> <span class='ocrx_word' id='word_1_125' title='bbox 584 1503 703 1569; x_wconf 85' lang='lat' dir='ltr'>quod</span> <span class='ocrx_word' id='word_1_126' title='bbox 729 1504 941 1569; x_wconf 86' lang='lat' dir='ltr'>scriptum</span> <span class='ocrx_word' id='word_1_127' title='bbox 969 1516 1031 1551; x_wconf 88' lang='lat' dir='ltr'>est</span> <span class='ocrx_word' id='word_1_128' title='bbox 1054 1505 1097 1550; x_wconf 93' lang='lat' dir='ltr'>in</span> <span class='ocrx_word' id='word_1_129' title='bbox 1125 1505 1272 1550; x_wconf 73' lang='lat' dir='ltr'>Exodo</span> <span class='ocrx_word' id='word_1_130' title='bbox 1295 1522 1306 1550; x_wconf 78' lang='lat' dir='ltr'><strong><em>z</em></strong></span> <span class='ocrx_word' id='word_1_131' title='bbox 1329 1526 1348 1546; x_wconf 91' lang='lat'>«</span> <span class='ocrx_word' id='word_1_132' title='bbox 1369 1505 1548 1551; x_wconf 85' lang='lat' dir='ltr'>Honora</span> <span class='ocrx_word' id='word_1_133' title='bbox 1572 1515 1740 1569; x_wconf 81' lang='lat' dir='ltr'>patrem</span> 
     </span>
     <span class='ocr_line' id='line_1_17' title="bbox 354 1575 1742 1631; baseline 0.001 -12"><span class='ocrx_word' id='word_1_134' title='bbox 354 1598 375 1619; x_wconf 80' lang='lat'>»</span> <span class='ocrx_word' id='word_1_135' title='bbox 403 1586 545 1631; x_wconf 77' lang='lat' dir='ltr'>tuum,</span> <span class='ocrx_word' id='word_1_136' title='bbox 567 1587 608 1621; x_wconf 88' lang='lat' dir='ltr'>et</span> <span class='ocrx_word' id='word_1_137' title='bbox 623 1585 803 1621; x_wconf 81' lang='lat' dir='ltr'>matrem</span> <span class='ocrx_word' id='word_1_138' title='bbox 821 1576 854 1622; x_wconf 85' lang='lat'>5.</span> <span class='ocrx_word' id='word_1_139' title='bbox 879 1598 898 1617; x_wconf 71' lang='lat'>&gt;2</span> <span class='ocrx_word' id='word_1_140' title='bbox 919 1576 1035 1622; x_wconf 90' lang='lat' dir='ltr'>Huic</span> <span class='ocrx_word' id='word_1_141' title='bbox 1054 1576 1183 1621; x_wconf 87' lang='lat' dir='ltr'>etiam</span> <span class='ocrx_word' id='word_1_142' title='bbox 1199 1575 1312 1631; x_wconf 73' lang='lat' dir='ltr'>loco,</span> <span class='ocrx_word' id='word_1_143' title='bbox 1343 1576 1419 1621; x_wconf 80' lang='lat' dir='ltr'>uhi</span> <span class='ocrx_word' id='word_1_144' title='bbox 1444 1575 1497 1621; x_wconf 89' lang='grc'>(10</span> <span class='ocrx_word' id='word_1_145' title='bbox 1516 1575 1742 1622; x_wconf 83' lang='lat' dir='ltr'>honoran-</span> 
     </span>
     <span class='ocr_line' id='line_1_18' title="bbox 357 1646 1743 1709; baseline 0 -17"><span class='ocrx_word' id='word_1_146' title='bbox 357 1647 690 1709; x_wconf 86' lang='lat' dir='ltr'>disparentibus</span> <span class='ocrx_word' id='word_1_147' title='bbox 709 1647 818 1690; x_wconf 88' lang='lat' dir='ltr'>Deus</span> <span class='ocrx_word' id='word_1_148' title='bbox 832 1647 1061 1708; x_wconf 72' lang='lat' dir='ltr'>praecepit,</span> <span class='ocrx_word' id='word_1_149' title='bbox 1078 1646 1200 1691; x_wconf 89' lang='lat' dir='ltr'>illum</span> <span class='ocrx_word' id='word_1_150' title='bbox 1214 1646 1433 1706; x_wconf 65' lang='lat' dir='ltr'>Evangelii</span> <span class='ocrx_word' id='word_1_151' title='bbox 1447 1646 1592 1692; x_wconf 88' lang='lat' dir='ltr'>locum</span> <span class='ocrx_word' id='word_1_152' title='bbox 1605 1649 1743 1693; x_wconf 81' lang='lat' dir='ltr'>Mani-</span> 
     </span>
     <span class='ocr_line' id='line_1_19' title="bbox 362 1715 1739 1773; baseline 0.001 -12"><span class='ocrx_word' id='word_1_153' title='bbox 362 1716 474 1762; x_wconf 77' lang='lat' dir='ltr'>chaei</span> <span class='ocrx_word' id='word_1_154' title='bbox 490 1715 738 1761; x_wconf 84' lang='lat' dir='ltr'>dicuntesse</span> <span class='ocrx_word' id='word_1_155' title='bbox 748 1716 1035 1768; x_wconf 79' lang='lat' dir='ltr'>contrarium,</span> <span class='ocrx_word' id='word_1_156' title='bbox 1052 1715 1128 1759; x_wconf 86' lang='lat' dir='ltr'>ubi</span> <span class='ocrx_word' id='word_1_157' title='bbox 1144 1716 1356 1761; x_wconf 87' lang='lat' dir='ltr'>Dominus</span> <span class='ocrx_word' id='word_1_158' title='bbox 1371 1716 1544 1761; x_wconf 79' lang='lat' dir='ltr'>cuidam</span> <span class='ocrx_word' id='word_1_159' title='bbox 1557 1716 1739 1773; x_wconf 83' lang='lat' dir='ltr'>dicenti,</span> 
     </span>
     <span class='ocr_line' id='line_1_20' title="bbox 362 1785 1739 1851; baseline 0.003 -22"><span class='ocrx_word' id='word_1_160' title='bbox 362 1810 381 1829; x_wconf 88' lang='lat'>«</span> <span class='ocrx_word' id='word_1_161' title='bbox 403 1788 484 1832; x_wconf 81' lang='lat' dir='ltr'>lho</span> <span class='ocrx_word' id='word_1_162' title='bbox 507 1787 699 1850; x_wconf 86' lang='lat' dir='ltr'>primurn</span> <span class='ocrx_word' id='word_1_163' title='bbox 727 1796 775 1831; x_wconf 85' lang='lat' dir='ltr'>ut</span> <span class='ocrx_word' id='word_1_164' title='bbox 800 1785 1003 1850; x_wconf 82' lang='lat' dir='ltr'>sepeliam</span> <span class='ocrx_word' id='word_1_165' title='bbox 1029 1795 1196 1850; x_wconf 82' lang='lat' dir='ltr'>patrem</span> <span class='ocrx_word' id='word_1_166' title='bbox 1224 1803 1365 1832; x_wconf 88' lang='lat' dir='ltr'>meum</span> <span class='ocrx_word' id='word_1_167' title='bbox 1396 1805 1406 1831; x_wconf 93' lang='lat'>:</span> <span class='ocrx_word' id='word_1_168' title='bbox 1438 1809 1458 1827; x_wconf 88' lang='lat'>»</span> <span class='ocrx_word' id='word_1_169' title='bbox 1482 1788 1707 1851; x_wconf 85' lang='lat' dir='ltr'>respondit</span> <span class='ocrx_word' id='word_1_170' title='bbox 1728 1806 1739 1833; x_wconf 73' lang='grc' dir='ltr'>ε</span> 
     </span>
     <span class='ocr_line' id='line_1_21' title="bbox 359 1856 1745 1919; baseline 0.004 -21"><span class='ocrx_word' id='word_1_171' title='bbox 359 1878 380 1898; x_wconf 87' lang='grc'>«</span> <span class='ocrx_word' id='word_1_172' title='bbox 409 1856 509 1902; x_wconf 87' lang='lat' dir='ltr'>Sine</span> <span class='ocrx_word' id='word_1_173' title='bbox 530 1864 741 1911; x_wconf 77' lang='lat' dir='ltr'>mortuos,</span> <span class='ocrx_word' id='word_1_174' title='bbox 765 1866 958 1901; x_wconf 85' lang='lat' dir='ltr'>mortuos</span> <span class='ocrx_word' id='word_1_175' title='bbox 978 1872 1075 1900; x_wconf 86' lang='lat' dir='ltr'>suos</span> <span class='ocrx_word' id='word_1_176' title='bbox 1095 1856 1330 1919; x_wconf 79' lang='lat' dir='ltr'>sepeliant3</span> <span class='ocrx_word' id='word_1_177' title='bbox 1352 1867 1399 1902; x_wconf 84' lang='lat' dir='ltr'>tu</span> <span class='ocrx_word' id='word_1_178' title='bbox 1420 1868 1562 1903; x_wconf 80' lang='lat' dir='ltr'>autem</span> <span class='ocrx_word' id='word_1_179' title='bbox 1586 1859 1685 1904; x_wconf 80' lang='lat' dir='ltr'>veni</span> <span class='ocrx_word' id='word_1_180' title='bbox 1703 1869 1745 1904; x_wconf 88' lang='lat' dir='ltr'>et</span> 
     </span>
     <span class='ocr_line' id='line_1_22' title="bbox 360 1926 1741 1987; baseline 0.003 -17"><span class='ocrx_word' id='word_1_181' title='bbox 360 1949 381 1970; x_wconf 70' lang='lat'>&gt;2</span> <span class='ocrx_word' id='word_1_182' title='bbox 406 1927 615 1972; x_wconf 83' lang='lat' dir='ltr'>annuntia</span> <span class='ocrx_word' id='word_1_183' title='bbox 640 1944 819 1985; x_wconf 79' lang='lat' dir='ltr'>regnum</span> <span class='ocrx_word' id='word_1_184' title='bbox 850 1926 970 1972; x_wconf 70' lang='lat' dir='ltr'>Deiss.</span> <span class='ocrx_word' id='word_1_185' title='bbox 997 1926 1169 1981; x_wconf 81' lang='lat' dir='ltr'>»Quod</span> <span class='ocrx_word' id='word_1_186' title='bbox 1200 1927 1351 1972; x_wconf 87' lang='lat' dir='ltr'>codem</span> <span class='ocrx_word' id='word_1_187' title='bbox 1387 1927 1517 1973; x_wconf 86' lang='lat' dir='ltr'>modo</span> <span class='ocrx_word' id='word_1_188' title='bbox 1542 1927 1741 1987; x_wconf 83' lang='lat' dir='ltr'>solvitur,</span> 
     </span>
     <span class='ocr_line' id='line_1_23' title="bbox 362 1996 1742 2062; baseline 0.001 -18"><span class='ocrx_word' id='word_1_189' title='bbox 362 2014 450 2062; x_wconf 89' lang='lat' dir='ltr'>quo</span> <span class='ocrx_word' id='word_1_190' title='bbox 477 1997 587 2043; x_wconf 89' lang='lat' dir='ltr'>illud</span> <span class='ocrx_word' id='word_1_191' title='bbox 610 1999 825 2060; x_wconf 79' lang='lat' dir='ltr'>superius,</span> <span class='ocrx_word' id='word_1_192' title='bbox 855 1997 931 2042; x_wconf 86' lang='lat' dir='ltr'>ubi</span> <span class='ocrx_word' id='word_1_193' title='bbox 950 1996 1003 2041; x_wconf 87' lang='lat' dir='ltr'>de</span> <span class='ocrx_word' id='word_1_194' title='bbox 1024 2013 1151 2042; x_wconf 83' lang='lat' dir='ltr'>uxore</span> <span class='ocrx_word' id='word_1_195' title='bbox 1171 1997 1456 2061; x_wconf 85' lang='lat' dir='ltr'>relinquenda</span> <span class='ocrx_word' id='word_1_196' title='bbox 1477 1998 1644 2046; x_wconf 88' lang='lat' dir='ltr'>dictum</span> <span class='ocrx_word' id='word_1_197' title='bbox 1664 2009 1742 2057; x_wconf 83' lang='lat' dir='ltr'>est,</span> 
     </span>
     <span class='ocr_line' id='line_1_24' title="bbox 364 2067 1747 2133; baseline 0.004 -22"><span class='ocrx_word' id='word_1_198' title='bbox 364 2091 384 2110; x_wconf 86' lang='lat'>«</span> <span class='ocrx_word' id='word_1_199' title='bbox 410 2070 595 2133; x_wconf 81' lang='lat' dir='ltr'>Propter</span> <span class='ocrx_word' id='word_1_200' title='bbox 619 2086 797 2128; x_wconf 82' lang='lat' dir='ltr'>regnum</span> <span class='ocrx_word' id='word_1_201' title='bbox 820 2067 1034 2113; x_wconf 82' lang='lat' dir='ltr'>coelorum</span> <span class='ocrx_word' id='word_1_202' title='bbox 1058 2086 1067 2112; x_wconf 90' lang='lat'>:</span> <span class='ocrx_word' id='word_1_203' title='bbox 1091 2089 1110 2109; x_wconf 89' lang='lat'>»</span> <span class='ocrx_word' id='word_1_204' title='bbox 1130 2068 1230 2131; x_wconf 83' lang='lat' dir='ltr'>quia</span> <span class='ocrx_word' id='word_1_205' title='bbox 1253 2079 1295 2113; x_wconf 85' lang='lat' dir='ltr'>et</span> <span class='ocrx_word' id='word_1_206' title='bbox 1318 2080 1514 2132; x_wconf 83' lang='lat' dir='ltr'>parentes</span> <span class='ocrx_word' id='word_1_207' title='bbox 1531 2071 1747 2117; x_wconf 84' lang='lat' dir='ltr'>honorare</span> 
     </span>
     <span class='ocr_line' id='line_1_25' title="bbox 365 2140 1749 2203; baseline 0.001 -18"><span class='ocrx_word' id='word_1_208' title='bbox 365 2140 592 2196; x_wconf 70' lang='lat' dir='ltr'>debemus,</span> <span class='ocrx_word' id='word_1_209' title='bbox 618 2151 659 2185; x_wconf 88' lang='lat' dir='ltr'>ct</span> <span class='ocrx_word' id='word_1_210' title='bbox 679 2158 747 2185; x_wconf 89' lang='lat' dir='ltr'>eos</span> <span class='ocrx_word' id='word_1_211' title='bbox 772 2151 915 2185; x_wconf 85' lang='lat' dir='ltr'>tamen</span> <span class='ocrx_word' id='word_1_212' title='bbox 933 2149 1113 2203; x_wconf 82' lang='lat' dir='ltr'>propter</span> <span class='ocrx_word' id='word_1_213' title='bbox 1137 2140 1507 2186; x_wconf 84' lang='lat' dir='ltr'>annuntiationem</span> <span class='ocrx_word' id='word_1_214' title='bbox 1526 2142 1645 2201; x_wconf 82' lang='lat' dir='ltr'>regni</span> <span class='ocrx_word' id='word_1_215' title='bbox 1670 2142 1749 2187; x_wconf 88' lang='lat' dir='ltr'>Dei</span> 
     </span>
     <span class='ocr_line' id='line_1_26' title="bbox 363 2209 1750 2277; baseline 0.002 -22"><span class='ocrx_word' id='word_1_216' title='bbox 363 2209 484 2256; x_wconf 86' lang='lat' dir='ltr'>nulla</span> <span class='ocrx_word' id='word_1_217' title='bbox 503 2210 725 2273; x_wconf 84' lang='lat' dir='ltr'>impietate</span> <span class='ocrx_word' id='word_1_218' title='bbox 750 2210 1084 2256; x_wconf 77' lang='lat' dir='ltr'>contemnimus.</span> <span class='ocrx_word' id='word_1_219' title='bbox 1110 2211 1219 2255; x_wconf 84' lang='lat' dir='ltr'>Nam</span> <span class='ocrx_word' id='word_1_220' title='bbox 1249 2210 1283 2255; x_wconf 89' lang='lat' dir='ltr'>si</span> <span class='ocrx_word' id='word_1_221' title='bbox 1307 2211 1448 2277; x_wconf 81' lang='lat' dir='ltr'>Veteri</span> <span class='ocrx_word' id='word_1_222' title='bbox 1476 2212 1750 2258; x_wconf 82' lang='lat' dir='ltr'>Testamento</span> 
     </span>
     <span class='ocr_line' id='line_1_27' title="bbox 368 2280 1751 2344; baseline 0.001 -17"><span class='ocrx_word' id='word_1_223' title='bbox 368 2281 636 2327; x_wconf 81' lang='lat' dir='ltr'>contrarium</span> <span class='ocrx_word' id='word_1_224' title='bbox 657 2291 718 2325; x_wconf 85' lang='lat' dir='ltr'>est</span> <span class='ocrx_word' id='word_1_225' title='bbox 737 2280 1019 2340; x_wconf 80' lang='lat' dir='ltr'>Evangelium</span> <span class='ocrx_word' id='word_1_226' title='bbox 1040 2292 1220 2344; x_wconf 85' lang='lat' dir='ltr'>propter</span> <span class='ocrx_word' id='word_1_227' title='bbox 1239 2281 1362 2327; x_wconf 87' lang='lat' dir='ltr'>istam</span> <span class='ocrx_word' id='word_1_228' title='bbox 1384 2283 1657 2340; x_wconf 74' lang='lat' dir='ltr'>sententiam,</span> <span class='ocrx_word' id='word_1_229' title='bbox 1678 2284 1751 2329; x_wconf 89' lang='lat' dir='ltr'>in-</span> 
     </span>
     <span class='ocr_line' id='line_1_28' title="bbox 368 2351 1753 2416; baseline 0.002 -19"><span class='ocrx_word' id='word_1_230' title='bbox 368 2351 479 2415; x_wconf 87' lang='lat' dir='ltr'>cipit</span> <span class='ocrx_word' id='word_1_231' title='bbox 496 2352 624 2397; x_wconf 82' lang='lat' dir='ltr'>etiam</span> <span class='ocrx_word' id='word_1_232' title='bbox 652 2351 861 2415; x_wconf 83' lang='lat' dir='ltr'>Apostolo</span> <span class='ocrx_word' id='word_1_233' title='bbox 886 2368 973 2396; x_wconf 88' lang='lat' dir='ltr'>esse</span> <span class='ocrx_word' id='word_1_234' title='bbox 997 2352 1283 2408; x_wconf 70' lang='lat' dir='ltr'>contrarium,</span> <span class='ocrx_word' id='word_1_235' title='bbox 1311 2353 1388 2416; x_wconf 88' lang='lat' dir='ltr'>qui</span> <span class='ocrx_word' id='word_1_236' title='bbox 1411 2363 1452 2398; x_wconf 88' lang='lat' dir='ltr'>et</span> <span class='ocrx_word' id='word_1_237' title='bbox 1472 2353 1582 2399; x_wconf 85' lang='lat' dir='ltr'>filios</span> <span class='ocrx_word' id='word_1_238' title='bbox 1607 2364 1753 2400; x_wconf 85' lang='lat' dir='ltr'>monet</span> 
     </span>
     <span class='ocr_line' id='line_1_29' title="bbox 366 2421 1752 2486; baseline 0.002 -18"><span class='ocrx_word' id='word_1_239' title='bbox 366 2432 416 2468; x_wconf 91' lang='lat' dir='ltr'>ut</span> <span class='ocrx_word' id='word_1_240' title='bbox 439 2421 657 2468; x_wconf 87' lang='lat' dir='ltr'>honorent</span> <span class='ocrx_word' id='word_1_241' title='bbox 676 2432 893 2486; x_wconf 82' lang='lat' dir='ltr'>parentes,</span> <span class='ocrx_word' id='word_1_242' title='bbox 915 2432 956 2467; x_wconf 80' lang='lat' dir='ltr'>et</span> <span class='ocrx_word' id='word_1_243' title='bbox 978 2432 1177 2485; x_wconf 81' lang='lat' dir='ltr'>parentes</span> <span class='ocrx_word' id='word_1_244' title='bbox 1195 2433 1243 2469; x_wconf 88' lang='lat' dir='ltr'>ut</span> <span class='ocrx_word' id='word_1_245' title='bbox 1261 2422 1444 2484; x_wconf 82' lang='lat' dir='ltr'>diligant</span> <span class='ocrx_word' id='word_1_246' title='bbox 1465 2423 1620 2471; x_wconf 84' lang='lat' dir='ltr'>fili0s7.</span> <span class='ocrx_word' id='word_1_247' title='bbox 1653 2425 1752 2471; x_wconf 90' lang='lat' dir='ltr'>Non</span> 
     </span>
    </p>
   </div>
   <div class='ocr_carea' id='block_1_5' title="bbox 413 2527 1752 2570">
    <p class='ocr_par' dir='ltr' id='par_1_5' title="bbox 413 2527 1752 2570">
     <span class='ocr_line' id='line_1_30' title="bbox 413 2527 1752 2570; baseline 0.001 -10"><span class='ocrx_word' id='word_1_248' title='bbox 413 2529 424 2551; x_wconf 90' lang='lat'><strong>¹</strong></span> <span class='ocrx_word' id='word_1_249' title='bbox 445 2528 562 2561; x_wconf 68' lang='lat' dir='ltr'>Matth.</span> <span class='ocrx_word' id='word_1_250' title='bbox 582 2540 615 2570; x_wconf 78' lang='lat' dir='ltr'>v,</span> <span class='ocrx_word' id='word_1_251' title='bbox 637 2535 692 2568; x_wconf 69' lang='grc'>44,</span> <span class='ocrx_word' id='word_1_252' title='bbox 710 2530 765 2565; x_wconf 80' lang='grc'>45.</span> <span class='ocrx_word' id='word_1_253' title='bbox 783 2546 828 2552; x_wconf 83' lang='grc'>-</span> <span class='ocrx_word' id='word_1_254' title='bbox 844 2527 859 2550; x_wconf 72' lang='lat'><strong>²</strong></span> <span class='ocrx_word' id='word_1_255' title='bbox 873 2532 968 2560; x_wconf 82' lang='lat' dir='ltr'>Joan.</span> <span class='ocrx_word' id='word_1_256' title='bbox 985 2541 1007 2568; x_wconf 91' lang='lat'>1,</span> <span class='ocrx_word' id='word_1_257' title='bbox 1030 2541 1129 2562; x_wconf 80' lang='lat'>12.·-</span> <span class='ocrx_word' id='word_1_258' title='bbox 1147 2527 1227 2563; x_wconf 58' lang='lat'><strong>3111.</strong></span> <span class='ocrx_word' id='word_1_259' title='bbox 1246 2541 1316 2567; x_wconf 79' lang='lat' dir='ltr'>vm,</span> <span class='ocrx_word' id='word_1_260' title='bbox 1331 2536 1386 2566; x_wconf 75' lang='grc'>44.</span> <span class='ocrx_word' id='word_1_261' title='bbox 1403 2547 1448 2553; x_wconf 94' lang='grc'><strong>-</strong></span> <span class='ocrx_word' id='word_1_262' title='bbox 1467 2527 1480 2552; x_wconf 75' lang='lat'>⁴</span> <span class='ocrx_word' id='word_1_263' title='bbox 1493 2531 1574 2563; x_wconf 79' lang='lat' dir='ltr'>Psal.</span> <span class='ocrx_word' id='word_1_264' title='bbox 1590 2542 1703 2570; x_wconf 61' lang='lat' dir='ltr'>mxxxi,</span> <span class='ocrx_word' id='word_1_265' title='bbox 1718 2533 1752 2566; x_wconf 80' lang='lat'>6,</span> 
     </span>
    </p>
   </div>
   <div class='ocr_carea' id='block_1_6' title="bbox 360 2579 1753 2678">
    <p class='ocr_par' dir='ltr' id='par_1_6' title="bbox 360 2579 1753 2678">
     <span class='ocr_line' id='line_1_31' title="bbox 360 2579 1753 2629; baseline 0.001 -16"><span class='ocrx_word' id='word_1_266' title='bbox 360 2596 406 2606; x_wconf 85' lang='lat'><em>-</em></span> <span class='ocrx_word' id='word_1_267' title='bbox 433 2579 447 2604; x_wconf 87' lang='lat'>⁵</span> <span class='ocrx_word' id='word_1_268' title='bbox 465 2581 567 2616; x_wconf 75' lang='lat' dir='ltr'>Exod.</span> <span class='ocrx_word' id='word_1_269' title='bbox 596 2592 650 2621; x_wconf 83' lang='lat' dir='ltr'>xx,</span> <span class='ocrx_word' id='word_1_270' title='bbox 680 2593 730 2614; x_wconf 83' lang='lat'>12.</span> <span class='ocrx_word' id='word_1_271' title='bbox 752 2601 796 2607; x_wconf 97' lang='lat'>—</span> <span class='ocrx_word' id='word_1_272' title='bbox 822 2579 837 2603; x_wconf 68' lang='grc' dir='ltr'><strong>ὅ</strong></span> <span class='ocrx_word' id='word_1_273' title='bbox 858 2582 977 2617; x_wconf 76' lang='lat' dir='ltr'>Manli.</span> <span class='ocrx_word' id='word_1_274' title='bbox 1005 2594 1092 2629; x_wconf 75' lang='lat' dir='ltr'>vm,</span> <span class='ocrx_word' id='word_1_275' title='bbox 1113 2595 1171 2620; x_wconf 78' lang='lat'>22.</span> <span class='ocrx_word' id='word_1_276' title='bbox 1192 2599 1236 2608; x_wconf 92' lang='lat'>-</span> <span class='ocrx_word' id='word_1_277' title='bbox 1256 2581 1270 2606; x_wconf 86' lang='lat'>⁷</span> <span class='ocrx_word' id='word_1_278' title='bbox 1293 2583 1413 2628; x_wconf 77' lang='lat' dir='ltr'>Ephes.</span> <span class='ocrx_word' id='word_1_279' title='bbox 1441 2594 1487 2628; x_wconf 74' lang='lat' dir='ltr'>vx,</span> <span class='ocrx_word' id='word_1_280' title='bbox 1510 2595 1542 2624; x_wconf 75' lang='lat'>2,</span> <span class='ocrx_word' id='word_1_281' title='bbox 1576 2590 1608 2617; x_wconf 84' lang='lat' dir='ltr'>et</span> <span class='ocrx_word' id='word_1_282' title='bbox 1631 2583 1753 2618; x_wconf 89' lang='lat' dir='ltr'>Coloss.</span> 
     </span>
     <span class='ocr_line' id='line_1_32' title="bbox 361 2646 488 2678; baseline 0 -9"><span class='ocrx_word' id='word_1_283' title='bbox 361 2646 416 2678; x_wconf 78' lang='grc' dir='ltr'>ιιι,</span> <span class='ocrx_word' id='word_1_284' title='bbox 434 2647 488 2669; x_wconf 80' lang='lat'>20.</span> 
     </span>
    </p>
   </div>
   <div class='ocr_carea' id='block_1_7' title="bbox 1776 308 1793 863">
    <p class='ocr_par' dir='ltr' id='par_1_7' title="bbox 1776 308 1793 863">
     <span class='ocr_line' id='line_1_33' title="bbox 1776 308 1793 863; baseline 0 0"><span class='ocrx_word' id='word_1_285' title='bbox 1776 308 1793 863; x_wconf 95' lang='lat' dir='ltr'> </span> 
     </span>
    </p>
   </div>
   <div class='ocr_carea' id='block_1_8' title="bbox 1776 308 1795 1066">
    <p class='ocr_par' dir='ltr' id='par_1_8' title="bbox 1776 308 1795 1066">
     <span class='ocr_line' id='line_1_34' title="bbox 1776 308 1795 1066; baseline 0 0"><span class='ocrx_word' id='word_1_286' title='bbox 1776 308 1795 1066; x_wconf 95' lang='lat' dir='ltr'> </span> 
     </span>
    </p>
   </div>
  </div>
 </body>
</html>
