1795 3253
337 319 360 365 7
371 318 394 347 2
739 322 774 351 5.
816 320 1059 353 mensum
1095 319 1297 353 Eiuscom

334 400 482 428 eorum
501 383 643 429 verbis
661 395 776 441 utar,
800 388 832 433 si
854 389 1040 433 animam
1062 388 1340 433 tenebrarum
1360 386 1530 450 peccati
1557 386 1708 450 poeni-

336 464 420 504 t‹=t·‚
449 471 533 498 non
555 465 617 500 cst
639 455 692 500 de
711 458 948 503 substantia
968 459 1125 504 summi
1141 457 1241 503 mali
1269 475 1279 502 :
1307 457 1339 502 si
1365 458 1550 503 animam
1572 457 1707 510 lucis;

332 541 418 568 non
439 535 498 569 est
525 524 577 570 de
601 527 840 573 substantia
870 530 1026 574 summi
1056 529 1175 573 boni.
1222 527 1472 572 Poenitendi
1500 527 1618 572 enim
1643 525 1712 572 af-

335 594 471 639 fectus
497 595 566 641 ille
601 598 674 660 qui
714 598 889 661 prodest
912 636 922 654 ‚
951 610 992 644 ct
1015 599 1124 644 male
1150 598 1294 644 fecisse
1318 598 1602 660 poenitentem
1621 634 1631 654 ,
1672 607 1715 642 et

335 665 604 711 benefacere
626 669 813 730 potuisse
837 681 1026 716 testatur.
1054 667 1287 725 Quomodo
1307 668 1501 728 igiturex
1518 686 1586 713 me
1604 666 1717 713 nihil

336 735 437 780 mali
461 773 470 790 ,
505 738 537 781 si
562 755 637 798 ego
659 756 886 803 perperam
912 740 1024 786 feei?
1053 750 1123 785 aut
1142 737 1365 802 quomodo
1390 756 1456 784 nie
1480 749 1594 784 recte
1611 754 1717 802 poe-

338 806 445 851 nitet
464 843 474 853 .
496 807 529 852 si
552 826 629 867 ego
649 827 734 855 non
756 809 874 856 feci?
905 811 1016 859 Audi
1043 821 1210 873 partem
1236 809 1413 854 alteram
1442 827 1452 853 ε
1481 807 1717 866 Quomodo

338 892 384 920 ex
415 894 481 921 me
506 877 617 923 nihil
648 879 754 926 boni
779 892 864 937 est,
887 882 958 927 cui
979 881 1093 926 bona
1116 879 1316 926 voluntas
1342 879 1483 924 inest?
1505 889 1580 924 aut
1604 894 1719 942 quo-

339 947 470 992 modo
494 966 559 993 me
581 961 692 996 recte
718 953 929 1015 poenitet,
970 953 1003 997 si
1029 969 1115 997 non
1146 951 1288 997 inest?
1323 950 1624 1007 Quamobrem
1649 959 1722 995 aut

342 1028 497 1075 negent
520 1018 587 1064 isti
611 1038 696 1066 esse
731 1022 971 1085 poenitcndi
1011 1039 1213 1082 magnam
1249 1021 1510 1077 utilitatem,
1552 1031 1600 1066 ut
1635 1036 1724 1065 nou

341 1087 481 1133 solum
510 1108 533 1133 a
557 1091 796 1138 christiano
827 1093 1000 1139 nomine
1021 1131 1031 1149 ‚
1058 1093 1132 1138 scd
1154 1093 1210 1138 ab
1236 1092 1355 1138 omni
1379 1092 1508 1137 etiam
1525 1091 1594 1138 vel
1610 1092 1725 1137 ima-

342 1158 506 1217 ginaria
526 1161 692 1207 ratione
719 1163 934 1225 pellantur
956 1182 965 1208 ε
995 1174 1070 1209 aut
1092 1163 1333 1209 animarum
1355 1162 1429 1207 illa
1455 1161 1542 1208 duo
1573 1178 1727 1222 genera

343 1245 480 1273 unum
505 1248 550 1275 ex
572 1248 660 1294 quo
681 1233 792 1278 nihil
821 1235 922 1280 mali
941 1272 951 1290 ‚
982 1235 1164 1280 alterum
1188 1250 1236 1279 ex
1260 1250 1347 1297 quo
1372 1233 1486 1279 nihil
1510 1232 1616 1279 boni
1636 1232 1690 1278 sit
1714 1268 1725 1287 ‚

345 1298 487 1345 dicere
516 1312 644 1364 atque
668 1303 924 1364 docerejam
945 1305 1143 1350 desinant
1166 1322 1176 1349 ε
1201 1303 1321 1368 quod
1347 1303 1379 1349 si
1403 1302 1589 1359 faciant,
1629 1304 1730 1348 Ma-

345 1368 508 1414 nichaei
529 1387 614 1416 esse
633 1372 783 1437 utique
799 1378 890 1434 jam
911 1374 1108 1420 desinent
1139 1392 1149 1419 ε
1181 1392 1282 1419 nam
1301 1384 1391 1419 tota
1411 1372 1485 1419 illa
1519 1383 1634 1418 secta
1652 1372 1734 1417 ista

346 1438 539 1502 bicipiti,
562 1442 629 1487 vel
651 1444 794 1506 potius
812 1445 1035 1508 praecipiti
1053 1445 1296 1490 animarum
1310 1444 1518 1490 varietate
1532 1442 1727 1489 fulcitur.

415 1514 584 1560 XXIII.
619 1517 680 1560 Ac
706 1517 815 1562 mihi
839 1517 1016 1581 quidem
1035 1518 1134 1563 satis
1154 1528 1216 1563 est
1240 1517 1300 1562 sic
1321 1517 1429 1563 scire
1451 1516 1572 1580 quod
1598 1515 1737 1562 Mani-

351 1583 466 1628 chzei
487 1595 652 1640 errent,
680 1596 729 1631 ut
752 1587 840 1632 scio
864 1587 1174 1650 poenitendum
1192 1605 1278 1632 esse
1298 1587 1470 1650 peccati
1495 1604 1505 1632 :
1528 1596 1571 1632 et
1588 1597 1734 1632 tamen

353 1655 386 1699 si
411 1670 528 1698 nunc
550 1655 790 1702 amicorum
818 1674 1014 1703 meorum
1050 1657 1262 1720 aliquem,
1303 1657 1379 1720 qui
1411 1655 1739 1721 usque‘adhuc

357 1723 453 1769 illos
479 1723 717 1771 audiendos
741 1738 899 1789 putat,
939 1727 1197 1790 compellem
1215 1731 1315 1787 jure
1352 1726 1557 1772 amicitiae
1575 1764 1586 1783 ,
1629 1736 1670 1771 ct
1703 1726 1742 1771 ei

357 1794 502 1839 dicam
539 1812 549 1838 :
580 1795 754 1842 Scis-ne
776 1798 881 1843 utile
911 1815 996 1843 esse
1021 1814 1122 1843 cum
1143 1797 1327 1861 quisque
1363 1797 1614 1860 peccaverit
1637 1813 1743 1860 poe-

357 1864 520 1911 nitere?
543 1864 642 1910 Sine
668 1865 944 1913 dubitatione
964 1885 1006 1913 se
1030 1867 1137 1913 scire
1155 1867 1338 1927 jurabit.
1369 1868 1415 1913 Si
1432 1884 1533 1927 ergo
1550 1878 1588 1913 te
1604 1866 1744 1913 fecero

359 1936 421 1983 ita
440 1935 548 1980 scire
564 1934 714 1981 falsam
731 1955 816 1983 esse
835 1937 1184 1983 Manichaeorum
1201 1938 1405 1984 haeresim
1421 1974 1432 1993 ‚
1451 1936 1742 1983 desiderabis-

362 2023 416 2053 ne
436 2004 653 2067 amplius.3
688 2006 808 2063 Quid
832 2007 1019 2070 amplius
1042 2025 1084 2053 se
1111 2024 1235 2071 posse
1261 2008 1306 2054 in
1327 2008 1412 2054 hae
1438 2025 1483 2054 re
1507 2007 1748 2054 desiderare

364 2075 639 2140 respoudeat.
670 2077 784 2123 Bene
812 2077 990 2142 quidem
1008 2078 1099 2124 huc
1117 2094 1267 2141 usque.
1295 2077 1380 2124 Sed
1401 2095 1502 2125 cum
1526 2076 1750 2124 ostendere

368 2163 544 2209 coepero
563 2157 700 2192 certas
718 2148 1059 2212 necessariasque
1086 2149 1293 2206 rationes,
1321 2165 1422 2213 quae
1445 2149 1567 2195 illam
1585 2165 1750 2212 propo-

369 2217 569 2263 sitionem
595 2217 882 2264 adamantinis
899 2256 910 2275 ‚
938 2230 987 2265 ut
1004 2219 1184 2276 dicitur,
1213 2220 1375 2266 catenis
1406 2219 1574 2265 innexae
1596 2235 1752 2265 conse-

373 2298 588 2351 quuntur‚
616 2305 791 2351 remque
810 2299 946 2335 totam
970 2289 1023 2335 ad
1043 2290 1366 2336 conclusionem
1386 2306 1473 2354 qua
1497 2288 1570 2336 illa
1593 2288 1754 2335 everti-

374 2370 447 2404 tur
467 2368 580 2404 secta
605 2359 869 2422 perduxero;
899 2360 1074 2421 negabit
1107 2378 1149 2407 se
1175 2360 1357 2407 forsitan
1381 2361 1491 2407 scire
1521 2359 1754 2406 utilitatem

375 2429 497 2476 illam
515 2429 789 2492 poenitendi,
826 2447 961 2495 quam
997 2448 1124 2477 nemo
1166 2431 1320 2478 doctus
1339 2468 1350 2486 ‚
1391 2448 1517 2477 nemo
1548 2429 1755 2477 indoctus

378 2501 575 2559 ignorat3
596 2510 638 2545 et
653 2501 801 2564 potius
818 2519 860 2547 se
884 2502 992 2548 scire
1024 2502 1282 2559 contendet,
1308 2519 1411 2548 cum
1434 2501 1690 2547 dubitamus
1712 2510 1756 2546 et

382 2570 701 2630 dehberan1u8‚
727 2571 834 2620 duas
867 2573 912 2619 in
942 2572 1070 2619 nobis
1105 2575 1266 2621 animas
1302 2572 1545 2639 patrocinia
1575 2571 1757 2637 propria

381 2641 561 2703 singulis
580 2643 831 2706 quaestionis
853 2644 1055 2709 partibus
1075 2645 1297 2694 adhibere.
1319 2645 1359 2694 Ο
1375 2643 1641 2694 consuetudo
1657 2660 1758 2708 pec-
