1795 3253
357 252 450 297 508
779 267 815 296 s.
864 265 1108 297 Aucusrmt
1144 267 1344 298 Episcom

352 331 454 389 ligio
475 341 552 382 est,
576 331 776 394 quamvis
793 348 942 378 eorum
967 332 1171 378 acerrime
1188 332 1361 379 oderitis
1379 344 1588 381 auctores,
1615 334 1725 381 Haec

353 413 495 447 nostra
510 401 613 447 fides
629 413 712 447 cst:
732 403 784 448 de
803 420 887 466 qua
909 404 942 448 si
962 402 1247 467 quaerendum
1267 404 1368 449 alias
1380 405 1617 467 putaveriS‚
1645 422 1728 451 au-

354 472 466 523 ‹lies3
488 473 686 536 quainvis
713 490 789 518 nec
805 473 913 519 illud
934 474 988 519 ad
1012 490 1200 536 praesens
1221 474 1360 520 minus
1388 475 1562 521 firmum
1587 476 1641 521 sit
1655 494 1729 522 ar-

356 554 624 601 gumentum,
642 544 760 607 quod
781 544 844 589 vel
858 555 921 601 tu,
937 545 1002 591 vel
1020 544 1205 608 quilibet
1220 544 1327 590 alius
1345 556 1534 605 rogatus,
1549 546 1731 592 ubinam

359 614 496 658 Deum
522 631 646 659 suum
667 614 815 660 credat
847 615 1064 668 habitare,
1091 615 1349 678 respondere
1374 633 1461 661 non
1487 616 1730 673 dubitabit,

359 684 401 729 in
421 684 605 729 lumine:
625 702 671 730 ex
688 702 775 748 quo
801 685 944 732 cultus
962 686 1036 731 hie
1051 703 1170 732 meus
1190 686 1387 732 omnium
1408 704 1517 750 pene
1541 687 1736 734 testimo-

364 756 436 801 nio
459 756 758 803 confirmatur.
784 778 803 798 »

429 836 509 881 111.
538 858 555 875 «
572 836 655 882 Sed
679 853 797 883 nunc
829 836 884 882 ad
910 835 1038 889 illud,
1069 837 1172 900 quia
1200 853 1278 882 nos
1315 853 1404 881 non
1435 846 1625 893 sectam,
1666 836 1739 882 sed

360 905 545 951 schisma
569 907 773 952 Gentium
795 907 1055 970 nuncupasti
1093 906 1310 961 Schisma,
1333 905 1571 962 nisif1llor‚
1587 917 1650 952 est
1673 923 1741 952 ea-

365 975 460 1020 dem
473 977 723 1039 opinantem
739 989 867 1041 atque
879 978 1028 1023 eodem
1043 977 1129 1023 litu
1145 977 1355 1022 colentem
1372 992 1459 1039 quo
1474 977 1634 1033 caeteri,
1650 976 1740 1022 solo

363 1058 704 1105 congregauonis
718 1047 921 1094 delcettri
942 1047 1134 1094 dissidio.
1164 1049 1288 1093 Secti
1308 1063 1410 1093 vero
1430 1057 1491 1092 est
1509 1046 1635 1106 longe
1661 1047 1742 1092 alia

367 1083 616 1178 opinantem
641 1136 772 1181 quam
793 1119 956 1175 caeteri‚
986 1118 1068 1164 alio
1086 1119 1210 1164 etiam
1228 1118 1310 1163 sibi
1332 1135 1381 1163 ac
1401 1117 1526 1177 longe
1546 1117 1742 1163 dissimili

363 1187 448 1233 ritu
461 1187 700 1234 divinitatis
714 1190 944 1235 instituisse
960 1190 1190 1236 culturam.
1203 1191 1314 1247 Quae
1329 1190 1359 1234 si
1374 1190 1431 1234 ita
1445 1199 1562 1244 sunt,
1575 1205 1666 1234 mea
1681 1189 1744 1234 in-

362 1259 483 1303 terim
501 1270 542 1304 et
561 1260 710 1323 opinio
726 1271 767 1305 et
782 1260 926 1306 cultus
938 1260 1062 1320 longe
1084 1260 1165 1305 alia
1177 1271 1277 1305 sunt
1291 1277 1423 1323 quam
1442 1260 1732 1319 Paganorum.

368 1331 430 1374 De.
457 1332 540 1376 tuis
560 1342 709 1394 postca
731 1331 992 1378 videbimus.
1019 1332 1182 1391 Pagani
1212 1331 1326 1376 bona
1349 1341 1390 1375 ct
1410 1329 1544 1385 mala,
1571 1340 1678 1375 tetra
1702 1340 1745 1399 el

364 1401 590 1463 splendida
607 1440 616 1454 ,
644 1413 853 1466 perpetua
868 1413 910 1447 et
923 1402 1108 1457 caduca,
1126 1402 1354 1448 mutabilia
1376 1412 1417 1447 et
1429 1411 1543 1447 certa
1557 1438 1568 1456 ‚
1587 1417 1744 1464 corpo-

363 1472 467 1516 ralia
482 1483 519 1517 et
541 1472 689 1518 divina
709 1490 843 1519 unum
864 1473 1025 1518 habere
1038 1473 1306 1536 principium
1331 1472 1640 1532 dogmatizant.
1666 1471 1745 1516 His

365 1560 441 1600 ego
464 1543 588 1588 wilde
607 1544 822 1589 contraria
837 1544 990 1600 sentio,
1009 1545 1083 1607 qui
1109 1544 1235 1589 bonis
1254 1543 1457 1589 omnibus
1472 1541 1744 1606 principium

363 1612 498 1658 flitmu-
517 1616 676 1669 Deum,
693 1615 920 1660 contrariis
933 1632 1034 1660 vero
1046 1615 1191 1679 Hylen
1209 1632 1220 1661 ι
1245 1615 1305 1660 sic
1323 1615 1435 1660 enim
1457 1613 1558 1659 mali
1582 1613 1745 1676 princi-

364 1686 486 1747 pium
507 1703 555 1731 ac
581 1696 780 1731 naturam
802 1685 1028 1745 theologus
1046 1698 1187 1731 noster
1199 1685 1404 1749 appellat.
1433 1686 1541 1730 Item
1556 1683 1740 1744 Pagrmi,

371 1755 469 1809 aris,
485 1755 695 1814 delubris,
708 1757 1174 1813 simulacris‚victimis‚
1193 1756 1505 1820 atqueincenso
1522 1756 1661 1800 Deum
1674 1771 1746 1801 co-

369 1826 545 1871 lendum
568 1837 739 1890 putant.
760 1828 852 1887 Ego
876 1827 931 1873 ab
948 1828 1017 1874 his
1033 1828 1078 1874 in
1099 1828 1186 1873 hoc
1204 1844 1378 1891 quoque
1394 1826 1581 1872 multum
1601 1825 1743 1871 diver-

367 1914 436 1943 sus
459 1898 629 1953 incedo,
645 1899 721 1963 qui
739 1899 884 1962 ipsum
904 1899 1038 1955 me‚si
1052 1898 1180 1945 modo
1193 1899 1272 1944 sim
1292 1897 1465 1957 dignus,
1489 1896 1746 1942 rationabile

366 1969 444 2014 Dei
472 1970 681 2033 templum
722 1981 832 2034 puto
861 1988 872 2015 t
904 1971 1054 2017 vivum
1077 1971 1188 2017 vivae
1209 1969 1439 2030 majestatis
1465 1967 1746 2014 simulacrum

363 2040 587 2086 Christum
616 2040 772 2086 Filium
790 2045 881 2101 ejus
893 2041 1064 2105 accipio
1085 2059 1096 2086 ι
1122 2058 1257 2097 aram,
1284 2050 1468 2085 mentem
1482 2038 1610 2084 bonis
1636 2037 1745 2084 arti-

365 2111 448 2157 bus
488 2123 529 2158 et
562 2112 803 2176 disciplinis
830 2113 1069 2170 imbutam,
1094 2113 1281 2158 honores
1300 2127 1473 2174 quoque
1497 2109 1667 2155 divinos
1697 2126 1746 2155 ac

365 2182 578 2228 sacrificia
598 2182 642 2228 in
669 2182 767 2228 solis
793 2183 1063 2229 orationibus
1083 2182 1239 2246 etipsis
1255 2183 1376 2246 puris
1400 2198 1449 2227 ac
1472 2179 1747 2244 simplicibus

362 2269 480 2315 pono
497 2270 506 2297 :
523 2251 746 2315 quomodo
761 2269 860 2313 ergo
879 2253 1067 2299 schisma
1088 2270 1183 2299 sum
1206 2254 1515 2312 PaganorumD
1535 2271 1555 2292 ³>

440 2321 514 2369 lV.
556 2343 576 2363 «
603 2322 824 2368 Hactenus
849 2324 963 2369 enim
986 2334 1027 2369 et
1042 2323 1297 2370 Judaeorum
1320 2340 1388 2368 me
1410 2332 1581 2386 poteras
1603 2319 1747 2366 dicere

366 2393 552 2449 schima‚
580 2394 683 2456 quia
722 2404 763 2439 et
787 2395 1129 2458 omnipotentem
1155 2395 1295 2440 Deum
1333 2393 1491 2448 colam,
1516 2391 1635 2456 quod
1658 2390 1743 2437 sibi

367 2474 409 2509 et
447 2463 628 2510 Judaeus
672 2465 810 2511 omnis
847 2465 1069 2511 audaciter
1105 2465 1298 2522 assumit,
1343 2481 1443 2511 cum
1471 2480 1558 2509 non
1599 2462 1746 2508 consi-

367 2535 536 2581 derares
554 2536 719 2582 rituum
741 2535 1050 2594 diversitatem,
1072 2554 1156 2601 qua
1171 2555 1193 2582 a
1210 2553 1278 2583 me
1296 2535 1509 2581 coleretur
1529 2534 1745 2597 Omnipo-

363 2616 470 2664 tens,
497 2617 539 2652 et
565 2625 587 2653 a
610 2607 635 2652 J
642 2606 777 2654 udaeis
795 2625 806 2654 :
824 2607 858 2654 si
874 2618 1016 2656 tamen
1033 2608 1392 2672 omnipotentem
1407 2606 1432 2652 J
1439 2604 1554 2653 udaei
1570 2603 1736 2653 colunt.
