1795 3253
331 234 422 281 288
737 250 772 281 s.
814 250 1059 282 Aueusrmt
1096 250 1298 282 rmscom

325 422 457 436 νἉνυῆιΜ
468 420 781 436 ιἉΜΜὶΨᾺΝΜΝἉ
787 421 1288 438 ΣἏΜῑᾺῑΝκκᾺΚἏνἏΜΜΜΝ
1299 423 1471 440 ἋΛΜΜΝ
1484 422 1523 437 m
1531 423 1649 438 §MWW
1664 423 1708 438 W!

849 544 1030 590 LIBER
1067 543 1190 590 VIII.

398 716 433 761 Ι.
465 716 659 759 FAtsrus
693 712 826 758 dixit:
850 733 872 754 «
895 712 1039 768 Quare
1077 728 1164 757 non
1196 713 1358 776 accipis
1382 714 1708 761 Testamentum

330 785 488 831 Vetus?
516 784 619 848 quia
635 787 728 844 jam
761 793 1011 847 praeventus
1026 800 1121 827 sum
1151 785 1278 829 Novo
1301 802 1310 828 :
1338 784 1480 830 Veteri
1505 796 1647 831 autem
1668 797 1710 831 et

332 857 455 902 Novo
475 873 563 902 non
591 855 815 910 convenit,
853 863 901 899 ut
930 853 1159 916 Scriptura
1182 864 1374 909 testatur.
1402 876 1422 896 «
1449 856 1560 901 Nam
1592 873 1709 919 pan-

329 949 349 969 ·ι)
367 946 489 983 num,
504 927 663 990 inquit,
681 942 844 972 novum
857 941 983 971 nemo
998 924 1130 970 assuit
1150 925 1402 972 vestimento
1421 927 1554 973 veteri
1572 965 1584 984 ,
1606 927 1710 973 alio-

331 1020 350 1040 »
373 999 481 1062 quin
502 1002 639 1057 major
661 996 843 1042 scissura
862 996 935 1040 fiet
956 994 990 1041 ¹.
1012 1016 1032 1036 »
1060 995 1175 1051 Quia
1197 1013 1297 1056 ergo
1319 1000 1527 1056 majorem
1544 1034 1554 1052 ,
1583 997 1711 1043 sicuti

327 1087 425 1125 vos,
453 1070 679 1114 scissuram
698 1067 840 1131 facere
857 1083 986 1112 caveo
1003 1104 1013 1122 ,
1041 1066 1325 1112 christianam
1351 1068 1587 1113 novitatem
1614 1070 1709 1114 He-

330 1140 495 1186 bra‘icae
516 1139 718 1184 vetustati
742 1156 828 1183 non
851 1138 1023 1183 misceo.
1056 1138 1166 1193 Quis
1194 1139 1305 1183 enim
1332 1156 1419 1184 non
1442 1139 1571 1184 etiam
1614 1157 1710 1185 sor-

331 1211 485 1257 didum
519 1209 718 1270 judicet,
744 1209 867 1253 novis
892 1209 1084 1253 vestibus
1107 1208 1288 1265 indutis,
1328 1227 1417 1255 non
1447 1209 1609 1255 donare
1639 1212 1711 1256 in-

327 1282 559 1328 ferioribus
582 1282 756 1326 vetera?
791 1279 1074 1341 Quapropter
1108 1296 1184 1337 ego
1219 1280 1347 1324 ctiam
1367 1280 1400 1325 si
1424 1291 1548 1326 natus
1581 1298 1711 1326 essem

331 1353 513 1398 Judaeus
537 1389 547 1401 ,
577 1362 626 1396 ut
648 1350 823 1395 fuerunt
848 1348 1066 1411 Apostoli,
1103 1348 1284 1409 dignum
1314 1360 1458 1395 tamen
1485 1361 1575 1396 erat
1609 1369 1677 1396 me
1697 1389 1708 1407 ,

332 1425 456 1469 Novo
476 1431 654 1484 accepto
679 1421 954 1465 Testamento
970 1457 980 1475 ,
1007 1419 1140 1464 Vetus
1170 1419 1417 1483 repudiare,
1446 1432 1493 1466 ut
1517 1420 1713 1467 fecerunt

330 1495 428 1558 ipsi.
483 1494 612 1538 Nunc
638 1507 739 1537 vero
758 1500 799 1535 et
823 1500 991 1535 naturas
1023 1490 1236 1535 beneficio
1261 1502 1517 1537 consecutus
1547 1503 1594 1537 ut
1630 1491 1711 1538 sub

334 1564 546 1610 servitutis
572 1567 679 1624 Jugo
716 1579 805 1606 non
852 1578 1072 1609 nascerer,
1117 1572 1159 1606 ct
1181 1561 1358 1607 Christo
1382 1563 1493 1608 mihi
1512 1563 1712 1626 protinus

331 1645 584 1682 occurrente
608 1650 708 1679 cum
734 1632 863 1695 pleno
894 1648 1070 1677 munere
1088 1632 1318 1689 libertatis,
1341 1650 1472 1697 quam
1508 1635 1636 1679 miser
1671 1645 1712 1679 ct

333 1707 489 1753 stultus
514 1717 554 1751 et
576 1706 751 1767 insuper
775 1704 966 1763 ingratus
985 1721 1074 1752 ero.
1105 1704 1138 1749 si
1159 1721 1226 1749 me
1250 1704 1362 1750 ultra
1398 1704 1599 1750 addixero
1622 1722 1712 1751 ser·-

334 1778 492 1823 vituti?
529 1776 709 1838 Quippe
742 1773 899 1819 Paulus
937 1773 1038 1818 inde
1075 1774 1250 1820 Galatas
1289 1776 1480 1835 arguit&
1514 1775 1633 1838 quod
1665 1776 1711 1821 in

331 1848 705 1895 circumcisionem
750 1844 1013 1898 relabentes,
1063 1845 1117 1890 ad
1145 1846 1319 1891 infirma
1365 1846 1622 1909 repedarent
1670 1857 1711 1892 ct

333 1937 463 1980 egena
482 1920 709 1972 elementa,
735 1915 898 1979 quibus
928 1915 1072 1961 denuo
1099 1917 1255 1962 servire
1273 1917 1444 1963 vellent.
1476 1917 1711 1973 Quomodo

332 2008 432 2051 ergo
462 1990 509 2037 id
532 2006 608 2050 ego
627 1987 873 2042 admittam,
903 1987 947 2032 in
963 2003 1050 2050 quo
1072 1987 1203 2033 alium
1224 1987 1393 2033 videam
1413 1988 1709 2051 reprehendi?

334 2063 483 2124 Turpe
506 2070 568 2105 est
588 2058 727 2104 redire
754 2057 800 2102 in
822 2058 1099 2113 servitutem,
1118 2058 1191 2104 sed
1218 2058 1390 2121 turpius
1407 2059 1481 2105 ire.
1511 2081 1532 2100 ›>

401 2133 458 2178 ll.
486 2129 751 2189 Augustinus
785 2128 1038 2191 respondit:
1071 2132 1163 2188 jam
1192 2128 1367 2192 quidem
1396 2129 1495 2174 satis
1515 2130 1711 2193 superius

333 2201 627 2254 ostendimus,
665 2215 798 2261 quare
839 2209 879 2243 et
905 2199 1127 2261 quomodo
1169 2210 1385 2245 teneamus
1411 2201 1711 2246 auctoritatem

334 2272 496 2318 Veteris
517 2268 809 2323 Testamenti,
843 2286 932 2314 non
971 2270 1024 2315 ad
1044 2270 1236 2329 juda'icae
1261 2271 1475 2316 servitutis
1498 2270 1712 2317 imitatio-

332 2361 449 2399 nem,
482 2342 554 2388 sed
575 2340 629 2386 ad
651 2340 900 2385 christianae
926 2341 1139 2387 libertatis
1172 2341 1530 2389 testificationem.
1563 2344 1712 2405 Neque

334 2415 448 2460 enirn
480 2430 595 2465 mea,
637 2409 710 2455 sed
752 2411 949 2472 Apostoli
979 2429 1059 2457 vox
1094 2423 1173 2469 est,
1196 2433 1216 2454 «
1242 2413 1356 2470 Quia
1381 2413 1525 2459 onmia
1544 2413 1643 2459 haec
1666 2413 1712 2459 in

334 2507 354 2528 ›>
379 2487 517 2545 figura
538 2481 849 2542 contingebant
876 2482 982 2540 illis,
1021 2484 1184 2548 scripta
1227 2495 1373 2532 autem
1407 2496 1508 2532 sunt
1531 2495 1713 2550 propter

379 2587 389 2610 ¹
410 2584 527 2619 Mauh.
545 2594 590 2624 xx,
611 2584 663 2623 16,
677 2585 797 2617 etLuc.
817 2593 849 2624 v,
865 2583 919 2616 36.
936 2600 982 2607 ——
1001 2582 1016 2607 2
1033 2585 1138 2618 Galat.
1156 2596 1189 2631 V,
1210 2597 1238 2619 1.
