1795 3253
320 244 412 290 3:30
740 260 774 292 S.
817 258 1058 293 AUGUSTJNI
1096 261 1298 293 EPISCOPI

316 326 384 372 tis.
413 341 511 388 quae
529 324 712 389 septimo
732 325 801 372 die
825 328 1066 388 significata
1095 338 1173 382 est,
1195 328 1473 393 baptizamur
1498 330 1532 378 4.
1562 331 1696 388 Quod

314 406 473 459 pra‘ter
486 412 627 441 arcam
644 397 783 443 omnis
810 415 927 446 caro.
956 416 1087 463 quam
1114 409 1224 444 terra
1257 402 1547 457 sustentabat,
1574 402 1695 449 dilu-

313 468 386 512 vio
401 478 655 530 consumpta
672 479 733 512 est
755 486 766 513 τ
785 470 884 532 quia
907 481 1067 532 prater
1086 469 1286 515 Ecclesiae
1297 472 1563 528 societatem,
1586 490 1696 536 aqua

313 537 519 600 baptismi
543 539 742 600 quamvis
766 539 916 585 eadem
944 541 995 585 sit
1013 578 1022 590 ,
1051 557 1133 584 non
1156 540 1293 585 solum
1314 559 1402 586 non
1417 542 1530 588 valet
1549 543 1608 588 ad
1622 561 1694 589 sa—

312 606 463 656 lutem.
486 608 558 653 sed
579 609 691 654 valet
716 610 860 673 potius
886 611 937 656 ad
965 611 1218 674 perniciem.
1251 612 1383 668 Quod
1406 612 1694 676 quadraginta

313 678 465 724 «liebus
484 690 524 724 et
550 679 836 742 quadraginta
858 682 1059 726 noctibus
1076 681 1234 743 pluit2;
1261 682 1361 745 quia
1391 683 1530 729 omnis
1554 695 1696 730 reatus

312 761 590 813 precatorum
603 789 612 801 ,
631 752 706 815 qui
725 753 764 797 in
782 752 928 798 decem
944 753 1175 816 praeceptis
1190 754 1313 813 Legis
1334 754 1598 811 admittitur,
1617 772 1696 819 per

311 821 557 867 universum
585 823 732 867 orbem
759 833 999 880 terrarum,
1035 823 1112 887 qui
1150 835 1339 887 quatuor
1367 826 1569 887 partibus
1586 843 1695 871 con-

308 892 484 945 tinetur,
517 893 664 939 decem
697 895 864 958 quippe
890 895 1210 958 quaterducta,
1240 895 1530 959 quadraginta
1557 898 1689 953 fiunt,

309 965 395 1009 sive
413 964 483 1010 ille
511 975 651 1010 reatus
667 1003 677 1015 ,
702 966 818 1030 quod
849 967 902 1011 ad
924 967 1013 1012 (lies
1037 967 1225 1030 pertinet
1241 1005 1251 1019 ,
1276 984 1322 1012 ex
1341 984 1482 1012 rerum
1503 985 1694 1032 prospe-

309 1036 453 1089 ritate,
481 1036 586 1092 sive,
603 1037 721 1100 quod
741 1037 795 1083 ad
822 1049 1042 1095 noctes,ex
1060 1056 1199 1083 rerum
1219 1038 1473 1084 adversitate
1497 1049 1692 1085 contrac-

311 1117 377 1151 tus
402 1107 472 1159 sit,
501 1119 767 1154 sacramento
790 1110 997 1173 baptismi
1016 1109 1202 1155 coelestis
1224 1109 1431 1156 abluitur.

374 1178 540 1224 XVIII.
573 1179 708 1235 Quod
736 1180 830 1226 No'e
868 1181 1204 1244 quingentorum
1235 1191 1324 1225 erat
1355 1198 1569 1226 annorum
1594 1198 1696 1227 cum

308 1248 344 1294 ei
361 1249 532 1294 locutus
556 1260 617 1294 est
644 1251 855 1297 Dominus
875 1263 923 1297 ut
940 1269 1082 1297 arcam
1105 1252 1190 1297 sil-Ji
1212 1251 1390 1300 faceret.
1418 1262 1460 1297 et
1478 1263 1697 1298 sexcentos

307 1320 461 1379 agebat
475 1337 608 1365 annos
621 1337 721 1366 cum
741 1321 888 1367 ineam
907 1333 1012 1367 esset
1034 1323 1245 1382 ingressus
1263 1322 1298 1377 3,
1316 1321 1431 1367 unde
1444 1322 1697 1382 intelligitur

305 1409 383 1455 per
406 1402 580 1437 centum
603 1409 738 1437 annos
773 1410 870 1439 arca
898 1393 1130 1450 fabricata,
1159 1392 1266 1456 quid
1291 1392 1409 1438 aliud
1434 1393 1508 1438 hic
1533 1393 1691 1439 viden-

302 1474 374 1508 tur
401 1474 578 1509 centum
609 1464 711 1509 anni
728 1465 986 1525 significare,
1014 1465 1095 1510 nisi
1125 1475 1272 1510 {etates
1295 1463 1484 1525 singulas
1505 1465 1683 1512 saeculii‘

309 1534 432 1580 Unde
451 1535 530 1580 ista
555 1546 666 1580 sexta
683 1546 786 1581 aetas
802 1574 812 1591 ,
833 1553 932 1600 quae
952 1536 1181 1600 completis
1204 1535 1451 1599 quingentis
1470 1552 1604 1599 usque
1627 1536 1683 1582 ad

306 1616 523 1651 sexcentos
542 1606 812 1666 significatur
831 1644 841 1662 ‚
866 1607 911 1653 in
947 1606 1291 1652 maniststatione
1317 1605 1573 1666 Evangelica
1604 1607 1691 1652 Ec-

305 1675 474 1722 clesiam
502 1677 714 1722 construit
736 1695 746 1722 :
774 1688 815 1723 et
837 1677 932 1723 ideo
957 1678 1032 1740 qui
1068 1677 1150 1722 sibi
1170 1676 1224 1722 ad
1245 1678 1379 1722 vitam
1403 1676 1614 1732 consulit,
1637 1677 1694 1723 sit

307 1748 426 1793 velut
447 1748 711 1811 quadratum
737 1748 922 1810 lignum,
944 1760 1122 1813 paratus
1139 1748 1191 1794 ad
1213 1766 1340 1794 omne
1357 1766 1468 1813 opus
1494 1749 1683 1805 bonum,

306 1830 347 1865 et
367 1820 497 1865 intret
531 1820 575 1865 in
607 1820 820 1867 fabricam
860 1831 1052 1866 sanctam
1077 1839 1088 1866 z
1112 1821 1215 1884 quia
1240 1831 1282 1865 et
1304 1819 1521 1866 secundus
1541 1821 1696 1866 mensis

309 1890 409 1936 anni
428 1891 736 1947 sexcentesimi,
759 1909 846 1955 quo
871 1892 1004 1937 intrat
1028 1892 1124 1937 No'e
1153 1891 1197 1936 in
1217 1908 1380 1944 arcam,
1414 1891 1610 1936 eamdem
1626 1909 1688 1938 se-

306 1962 472 2008 nariam
491 1972 661 2007 aetatem
687 1963 916 2023 significat.
949 1964 1048 2008 Duo
1077 1965 1191 2008 enim
1223 1979 1388 2008 menses
1421 1963 1691 2022 sexagenario

304 2050 486 2079 numero
511 2033 837 2080 concluduntur
853 2072 863 2090 ,
887 2052 909 2079 a
931 2034 1098 2080 senario
1125 2043 1269 2079 autem
1296 2050 1479 2079 numero
1507 2043 1548 2078 et
1574 2050 1694 2079 sexa-

309 2104 426 2164 ginta
450 2104 830 2163 cognominantur,
857 2116 899 2150 et
927 2104 1129 2157 sexcenti,
1157 2114 1199 2149 et
1227 2121 1295 2149 sex
1324 2103 1478 2160 millia,
1501 2114 1542 2150 et
1573 2121 1695 2150 sexa-

311 2176 430 2235 ginta
451 2174 604 2231 millia,
625 2186 665 2220 et
691 2187 886 2222 sexcenta
903 2175 1056 2231 millia,
1072 2185 1113 2221 et
1129 2175 1375 2231 sexcenties,
1402 2185 1442 2220 et
1468 2173 1687 2238 quidquid

310 2246 516 2309 deinceps
540 2246 584 2291 in
628 2247 868 2306 majoribus
908 2247 1086 2293 summis
1110 2265 1189 2310 per
1221 2245 1421 2292 eumdem
1458 2245 1691 2291 articulum

307 2316 572 2363 numerusin
599 2317 770 2362 infinita
795 2317 1315 2377 incrementaconsurgit.

370 2389 492 2435 xlx.
516 2389 572 2433 Et
592 2388 712 2452 quod
729 2389 957 2435 vicesimus
979 2401 1015 2434 e:
1046 2390 1255 2452 septimus
1278 2387 1367 2433 dies
1385 2387 1542 2432 mensis
1567 2403 1693 2432 com-

308 2470 594 2515 memoratur,
627 2459 681 2505 ad
700 2460 890 2520 ejusdem
911 2460 1194 2524 quadraturae
1220 2458 1577 2519 significationem
1600 2474 1696 2521 per-

313 2532 435 2587 tinet,
459 2548 559 2594 quae
577 2534 668 2591 jam
696 2531 739 2577 in
763 2531 987 2596 quadratis
1015 2532 1141 2592 lignis
1164 2530 1355 2595 exposita
1385 2540 1461 2577 est.
1493 2529 1577 2575 Sed
1616 2528 1691 2575 hic

355 2617 502 2650 ¹Coloss.
523 2628 574 2655 111,
596 2628 607 2647 1
621 2628 647 2649 ι,
665 2634 710 2639 -
726 2614 742 2638 ²
757 2620 841 2650 Gen.
860 2629 918 2657 vu,
935 2624 968 2654 4.
985 2636 1026 2642 -
1043 2614 1057 2639 3
1074 2617 1122 2652 Id.
1143 2629 1187 2657 vx,
1205 2616 1426 2659 31‚etv11‚3.
