1795 3253
89 288 145 320 DE
181 287 358 320 DUABUS
393 286 622 319 ANIMABUS
656 285 835 318 coNTRA
872 286 1088 330 iumen„
1127 287 1213 320 Llss.
1256 291 1285 321 1.
1365 274 1420 321 61

58 365 253 420 poteram
267 391 278 411 ‚
301 353 494 400 solisillis
507 353 786 400 libentissime
806 353 1067 400 tribuebam.
1097 354 1164 400 Ita
1184 371 1231 400 ex
1253 354 1427 402 illorum

58 425 329 472 sermonibus
353 424 480 470 ardor
498 425 544 471 in
561 424 814 481 certamina,
837 442 885 470 ex
909 424 1194 470 certaminum
1212 438 1427 489 proventu

58 513 178 542 amor
199 496 245 542 in
259 495 355 542 illos
380 495 575 560 quotidie
594 494 866 542 movebatur.
888 496 950 541 Ex
971 512 1058 558 quo
1082 495 1318 542 accedebat
1339 534 1351 554 ,
1378 508 1427 543 ut

58 567 276 632 quidquid
295 567 489 614 dicerent
508 606 520 625 ,
545 567 664 613 miris
685 566 951 630 quibusdam
980 567 1142 612 morbis
1159 604 1170 624 ‚
1197 585 1284 614 non
1326 569 1429 632 quia

58 638 270 694 sciebam,
296 637 369 683 sed
389 639 491 702 quia
514 638 724 702 optabam
742 655 891 685 Verum
912 655 997 683 csse
1014 675 1025 694 ‚
1052 655 1134 701 pro
1153 656 1255 685 vero
1271 657 1428 703 appro-

57 708 221 755 barem.
265 709 333 754 Ita
354 708 523 754 factum
543 720 605 755 est
624 746 635 766 ‚
679 719 728 754 ut
756 709 954 772 quamvis
989 708 1258 772 pedetentim
1301 721 1429 775 atque

58 790 205 834 caute,
233 789 380 825 tamen
397 778 473 825 diu
492 796 691 843 sequerer
713 779 911 826 homines
933 779 1117 826 nitidam
1137 780 1344 844 stipulam
1361 781 1430 828 vi-

57 850 175 898 venti
198 851 355 897 animae
370 849 662 915 praeferentes,

121 921 223 967 XII.
262 921 425 967 Verum
445 932 557 978 esto,
579 938 669 967 non
690 931 888 985 poteram
907 921 982 968 illo
1000 932 1194 986 tempore
1215 922 1433 968 sensibilia

59 991 115 1037 ab
135 991 486 1052 intelligibilibus
501 1030 512 1050 ‚
535 992 724 1039 carnalia
743 993 906 1039 scilicet
925 993 979 1039 ab
998 993 1296 1057 spiritualibus
1319 993 1432 1054 diju-

59 1064 202 1111 dicare
221 1076 350 1130 atque
372 1066 611 1113 discernere
630 1087 640 1121 3
661 1084 748 1113 non
765 1078 856 1113 erat
876 1068 1014 1113 aetatis
1029 1105 1040 1124 ‚
1062 1085 1150 1113 non
1165 1067 1428 1131 disciplinae,

57 1152 146 1182 non
169 1136 398 1197 cujusdam
411 1137 541 1184 etiam
560 1138 882 1184 consuetudinis
895 1176 906 1195 ,
933 1156 1022 1184 non
1039 1138 1225 1184 ullorum
1247 1138 1433 1202 denique

57 1208 336 1262 meritorum3
371 1226 461 1254 non
489 1208 605 1255 enirn
634 1210 762 1273 parvi
786 1209 931 1269 gaudii
949 1220 991 1255 et
1006 1209 1220 1255 felicitatis
1243 1226 1307 1256 res
1329 1220 1390 1255 est
1417 1227 1428 1255 ε

58 1277 201 1325 ita—ne
224 1279 403 1325 tandem
427 1297 480 1325 ne
497 1279 610 1326 illud
634 1279 810 1343 quidem
835 1281 1024 1344 arripere
1051 1291 1248 1344 poteram
1267 1319 1278 1338 ,
1313 1281 1434 1345 quod

57 1348 104 1394 in
127 1350 323 1396 omnium
351 1351 582 1396 bominum
602 1350 770 1411 Judicio
793 1351 951 1397 summi
970 1352 1050 1397 Dei
1079 1351 1246 1411 legibus
1279 1362 1433 1398 natura

56 1419 151 1483 ipsa
168 1422 391 1468 constituit
407 1425 426 1468 ⁴?
449 1422 604 1479 Quivis
620 1422 734 1468 enim
752 1422 949 1468 homines
965 1459 975 1478 ,
998 1439 1107 1486 quos
1125 1422 1255 1468 modo
1274 1440 1297 1468 a
1315 1440 1432 1469 com-

56 1491 183 1536 muni
200 1509 324 1538 sensu
337 1491 500 1552 generis
517 1492 698 1538 humani
710 1492 828 1538 nulla
841 1492 1095 1556 disrupisset
1114 1493 1317 1550 amentia,
1333 1510 1433 1556 quae

57 1559 216 1608 vellent
239 1562 293 1608 ad
309 1561 601 1623 judicandum
621 1562 765 1609 studia
784 1563 1055 1620 detulissent,
1082 1563 1327 1626 quamlibet
1348 1565 1434 1610 im-

58 1634 259 1696 peritia-m
275 1672 286 1692 ‚
317 1644 717 1698 quantamcumque
741 1635 869 1680 etiam
894 1634 1170 1690 tarditate1n;
1206 1636 1333 1683 velim
1357 1654 1432 1682 ex²²

58 1706 189 1768 periri
207 1706 314 1770 quid
334 1706 445 1752 mihi
460 1705 770 1770 responderent
781 1707 950 1768 roganti
964 1744 975 1764 ,
1002 1718 1149 1753 utrum
1163 1707 1222 1753 eis
1236 1725 1432 1771 peccasse

58 1778 293 1835 videretur,
316 1778 370 1825 de
386 1781 511 1838 cujus
537 1777 789 1824 dormientis
812 1796 944 1824 manu
965 1778 1202 1842 scripsisset
1220 1779 1325 1826 alius
1349 1781 1431 1826 ali-

58 1850 167 1912 quid
190 1851 465 1912 flagitiosum.
492 1850 654 1896 Omnes
678 1849 774 1912 quis
791 1849 963 1895 dubitet
979 1850 1038 1896 ita
1054 1849 1182 1896 fuisse
1205 1862 1433 1911 negaturos

57 1922 169 1970 illud
187 1939 273 1968 esse
290 1931 521 1985 peccatum
536 1957 546 1976 ‚
574 1919 635 1966 ita
658 1920 966 1967 reclamaturos
984 1958 995 1977 ,
1026 1932 1074 1966 ut
1097 1922 1226 1967 etiam
1248 1939 1433 1968 succen-

59 2004 199 2040 serent
219 1992 395 2039 fortasse
412 1990 532 2055 quod
551 1990 625 2036 tali
648 2007 717 2035 eos
739 1990 959 2050 rogatione
976 1990 1128 2051 dignos
1152 1993 1430 2054 putaverim?

60 2067 96 2112 A
121 2064 286 2128 quibus
307 2079 407 2123 ego,
427 2077 606 2126 quoquo
627 2059 760 2106 modo
778 2071 977 2124 poteram
992 2099 1003 2117 ,
1028 2062 1313 2109 reconciliatis
1333 2063 1434 2109 etin

59 2135 288 2182 consilium
313 2133 521 2180 restitutis
553 2142 744 2195 peterem
759 2169 770 2188 ‚
801 2142 850 2178 ut
875 2149 945 2177 me
965 2131 1083 2178 aliud
1115 2144 1203 2178 tam
1227 2133 1433 2180 manifes-

64 2217 155 2252 tum
170 2243 182 2262 ‚
212 2216 255 2251 et
279 2206 327 2250 in
351 2203 548 2250 omnium
572 2203 815 2262 cognitione
837 2203 1030 2266 positum
1046 2241 1056 2260 ‚
1096 2204 1435 2265 interrogantem

60 2293 150 2322 non
171 2275 346 2322 moleste
367 2274 528 2320 ferrent
550 2291 560 2319 z
582 2283 686 2319 tunc
705 2290 942 2337 quaererem
958 2312 970 2331 ‚
998 2275 1032 2321 si
1057 2291 1145 2320 non
1163 2274 1431 2333 dormientis,

61 2345 135 2392 sed
153 2345 325 2392 scientis
353 2362 488 2391 manu
509 2382 520 2401 ‚
547 2345 624 2408 qui
649 2344 857 2390 membris
887 2354 1031 2391 tamen
1065 2347 1231 2391 caeteris
1261 2348 1435 2393 vinctus

63 2427 192 2481 atque
210 2416 470 2462 constrictus
492 2425 622 2471 esset,
650 2415 880 2478 quisquam
900 2415 1112 2462 valentior
1131 2416 1296 2480 aliquid
1313 2417 1436 2463 simi-

61 2488 160 2535 liter
175 2486 342 2534 fecisset
353 2486 481 2543 mali,
505 2496 651 2532 utrum
674 2486 777 2550 quia
793 2486 839 2532 id
862 2497 1024 2544 nosset,
1046 2487 1243 2550 quamvis
1260 2490 1439 2537 omnino

61 2557 269 2605 noluisset
283 2595 295 2615 ,
322 2557 413 2604 ullo
440 2556 611 2622 peccati
644 2557 820 2603 nomine
845 2567 1076 2605 teneretur.
1126 2558 1182 2603 Et
1217 2558 1292 2605 hic
1326 2561 1440 2608 mihi

64 2645 213 2677 omnes
239 2629 443 2677 mirantes
470 2627 590 2694 quod
614 2627 717 2675 talia
744 2628 1006 2687 sciscitarer,
1042 2628 1131 2675 sine
1166 2631 1442 2678 cunctatione
