1795 3253
320 258 415 320 [294
743 272 778 300 s.
821 268 1065 299 Accus'rtxi
1102 268 1306 300 muscom

318 340 506 384 Jonnnes
529 335 637 382 dicit
658 354 668 382 z
694 335 819 392 «Qui
839 335 932 381 odit
951 336 1123 381 fratrem
1142 352 1268 381 suum
1287 372 1298 391 ‚
1321 336 1540 383 homicida
1560 336 1664 382 est1.
1678 359 1697 380 »

320 412 375 456 Et
394 410 600 474 quoniam
624 408 843 472 putabant
870 406 1171 453 tautummodo
1199 408 1468 471 corporalem
1492 426 1592 454 eum
1613 408 1696 455 soe-

318 482 435 527 mina
463 479 660 526 illicitam
687 479 1035 525 commixtionem
1055 478 1199 524 vocari
1217 479 1477 535 moechiam,
1493 479 1698 526 demons-

320 553 448 598 travit
469 552 667 611 magister
690 550 819 596 etiam
849 550 977 596 talem
1014 549 1419 612 concupiscentialil
1461 550 1575 597 nihil
1613 569 1700 598 ese

317 623 448 670 aliud.
475 625 584 668 ltem
603 622 907 686 quiapejerare
926 639 1053 681 grave
1084 631 1310 684 peecatum
1330 632 1421 676 est3
1448 640 1535 668 nou
1554 626 1700 682 jurare

318 707 486 750 autem,
512 695 623 740 sicut
655 711 804 739 verum
834 696 1011 753 jurare,
1048 691 1218 737 nullum
1251 704 1479 756 peceatum
1514 704 1603 750 est3
1626 693 1699 740 sed

319 767 488 827 longius
517 776 707 812 remotus
749 775 812 810 est
848 784 870 810 a
901 764 1055 810 falsum
1080 763 1297 824 jurando,
1337 764 1412 829 qni
1452 782 1530 811 nee
1551 769 1701 825 jurare

319 837 567 893 consuevit,
596 853 727 900 quam
758 835 833 898 qui
859 852 1006 881 verum
1028 838 1175 894 jurare
1199 834 1406 898 proclivis
1426 846 1489 880 est
1513 853 1523 880 ε
1550 835 1702 882 maluit

315 926 392 954 nos
412 908 624 953 Dominus
639 917 680 952 et
699 924 784 952 non
805 910 1000 966 Juraiites
1028 922 1114 950 non
1139 905 1336 951 recedere
1362 924 1386 951 a
1413 923 1517 952 vero
1533 943 1543 959 ,
1567 924 1700 970 quam

313 996 465 1026 verum
483 983 677 1039 jurantes
700 978 999 1041 propinquare
1029 977 1236 1040 perjurio,
1272 978 1424 1040 ltaque
1445 988 1487 1023 et
1514 980 1701 1041 Aposto-

309 1050 375 1096 lus
398 1051 443 1096 iu
469 1050 739 1096 sermonibus
761 1087 771 1103 ,
811 1065 918 1112 quos
957 1049 1158 1094 habuisse
1190 1059 1413 1104 narratur,
1466 1066 1697 1112 nunquam

308 1122 501 1182 juravit,
529 1139 581 1166 ne
601 1120 779 1181 jurandi
812 1119 1126 1166 consuetudine
1163 1119 1398 1182 aliquando
1435 1120 1501 1166 vel
1526 1121 1694 1166 nescius

312 1195 358 1240 in
386 1193 627 1256 perjurium
647 1192 879 1238 laberetur.
920 1193 971 1236 lu
995 1192 1168 1254 seriptis
1200 1202 1342 1236 autem
1363 1229 1372 1245 ,
1402 1191 1479 1237 ubi
1503 1203 1566 1237 est
1586 1208 1698 1237 con-

315 1265 516 1310 sideratio
539 1267 675 1323 major
696 1273 824 1326 atque
859 1262 1132 1325 propensior,
1175 1261 1376 1324 pluribus
1406 1262 1511 1307 locis
1535 1267 1701 1322 jurasse

317 1335 559 1389 invenitur,
599 1351 650 1378 ne
685 1333 916 1396 quisquam
956 1342 1132 1395 putaret
1161 1333 1289 1377 etiam
1326 1350 1476 1377 verum
1507 1332 1701 1392 jurando

320 1405 514 1469 peccari,
531 1404 602 1450 sed
624 1404 770 1468 potius
787 1402 1066 1461 intelligeret,
1086 1402 1288 1447 liumanae
1307 1402 1550 1462 fragilitatis
1568 1402 1702 1449 corda

318 1494 406 1522 non
426 1475 618 1536 jurando
642 1474 778 1520 tutius
802 1493 823 1519 a
856 1474 1049 1537 perjurio
1082 1474 1346 1520 conservari.
1388 1473 1562 1529 Quibus
1596 1491 1701 1537 pen·

319 1548 501 1611 speetis,
530 1545 775 1592 invenimus
800 1562 878 1590 nec
897 1543 970 1589 illa
993 1561 1080 1589 esse
1105 1543 1324 1589 destructa
1342 1581 1353 1596 ‚
1381 1544 1493 1589 sicut
1519 1546 1701 1590 Faustus

318 1629 474 1682 putat,
501 1634 601 1682 quae
625 1615 742 1661 velut
766 1615 944 1679 proprie
967 1614 1063 1659 vult
1087 1615 1140 1659 ad
1162 1617 1341 1678 Moysen
1366 1615 1593 1678 pertinere.

385 1689 545 1734 xxii.
585 1688 694 1732 Nam
716 1697 757 1731 et
781 1686 853 1731 liie
873 1702 1022 1749 quaero
1048 1686 1102 1730 ab
1126 1686 1214 1731 istis
1231 1723 1242 1741 ,
1266 1703 1345 1731 eur
1367 1687 1595 1749 proprium
1621 1704 1698 1733 ve-

319 1760 402 1806 lint
425 1777 510 1805 esse
535 1757 659 1817 Legis
684 1756 826 1819 Moysi
843 1793 854 1811 ,
885 1755 1004 1819 quod
1031 1756 1197 1801 dietum
1224 1766 1286 1801 est
1309 1756 1498 1820 antiquis
1519 1775 1528 1802 :
1548 1779 1564 1796 <‹
1584 1757 1700 1803 Dili-

318 1854 339 1874 »
367 1849 436 1892 ges
459 1829 704 1894 proximum
731 1838 856 1872 tuum
880 1864 890 1883 ,
915 1838 956 1872 et
979 1826 1119 1872 oderis
1140 1827 1366 1873 inimicum
1396 1838 1521 1872 tuum
1537 1827 1570 1875 2.
1592 1850 1611 1869 2>
1633 1830 1699 1874 An

317 1915 359 1950 et
384 1900 601 1966 apostolus
622 1898 784 1944 Paulus
807 1915 894 1943 uon
914 1897 1021 1944 dixit
1044 1898 1243 1943 homines
1263 1897 1476 1961 quosdam
1503 1899 1591 1943 Deo
1606 1898 1699 1944 odi-

317 1973 491 2019 ]›iles3'9
532 1971 586 2016 Et
612 1969 764 2032 utique
787 1968 832 2014 in
854 1968 938 2014 hae
961 1968 1256 2014 admonitione
1284 1968 1376 2031 ipse
1402 1968 1614 2014 Dominus
1643 1969 1698 2015 ad

317 2044 404 2090 hoc
425 2060 501 2089 nos
524 2042 747 2096 hortatur,
778 2049 827 2084 ut
856 2039 1080 2084 imitemur
1111 2040 1262 2085 Deum.
1288 2039 1371 2083 «L't
1393 2038 1508 2093 sitis,
1532 2039 1694 2103 inquit,

319 2137 339 2158 »
365 2115 442 2161 filii
469 2112 609 2159 Patris
628 2111 757 2158 vestri
781 2110 856 2174 qui
879 2109 925 2155 in
945 2109 1068 2155 coelis
1087 2120 1175 2165 est,
1199 2110 1275 2173 qui
1291 2108 1395 2155 facit
1418 2109 1549 2155 solem
1570 2127 1697 2156 suum

320 2208 342 2229 »
369 2184 473 2230 oriri
499 2200 630 2247 super
653 2182 791 2228 bonos
817 2191 858 2226 et
882 2179 1016 2226 malos
1033 2218 1044 2237 ,
1069 2191 1110 2227 et
1128 2180 1242 2244 pluit
1259 2197 1388 2244 super
1405 2184 1544 2241 justos
1566 2192 1608 2226 et
1625 2182 1698 2227 in-

321 2254 571 2318 »J'ustosl‘.»
588 2251 885 2310 Quaerendum
909 2251 1052 2316 itaque
1066 2263 1144 2308 est,
1169 2251 1389 2315 quomodo
1409 2251 1691 2313 intelligatur,

318 2325 512 2390 exemplo
537 2324 643 2379 Dei,
677 2323 748 2369 cui
775 2322 882 2368 dixit
907 2322 1119 2386 quosdam
1151 2321 1334 2368 odibiles
1367 2320 1530 2367 Paulus
1550 2359 1560 2378 ,
1593 2322 1694 2368 odio

317 2395 546 2445 habendos
567 2394 790 2448 inimieos;
819 2403 860 2438 et
879 2410 1025 2439 rursus
1045 2392 1240 2457 exemplo
1265 2392 1369 2447 Dei,
1392 2392 1468 2455 qui
1490 2391 1596 2439 facit
1619 2410 1693 2439 so-

317 2469 403 2514 lem
431 2483 559 2512 suum
582 2464 686 2511 oriri
707 2481 836 2528 super
861 2463 1002 2510 bonos
1017 2463 1210 2510 etmalos
1228 2501 1240 2518 ,
1269 2474 1309 2509 ct
1332 2462 1447 2528 pluit
1465 2480 1594 2528 super
1600 2468 1692 2525 Jus-

366 2569 376 2591 ¹
397 2581 408 2599 x
429 2571 525 2602 Joan.
545 2578 575 2606 v,
593 2568 647 2599 25.
662 2584 707 2590 —
727 2563 743 2587 ²
763 2565 864 2599 Levit.
881 2577 951 2606 xix,
974 2568 1027 2607 18,
1040 2572 1072 2599 et
1095 2562 1213 2599 Matih.
1231 2577 1261 2605 v,
1278 2566 1333 2602 43.
1353 2582 1398 2588 —
1413 2561 1428 2587 3
1442 2567 1534 2598 Rom.
1550 2576 1574 2606 1,
1592 2566 1691 2597 30.—

317 2622 333 2651 4
351 2622 468 2656 Matih.
489 2634 521 2661 v,
541 2623 598 2665 43,
617 2626 674 2658 44.
