1795 3253
106 277 161 307 DE
198 275 374 307 omncs
412 275 642 310 Amantius
680 279 857 310 CONTRA
893 277 1110 318 immoti.9
1150 280 1236 310 Lm.
1282 281 1307 309 1.
1383 261 1445 325 59

75 341 259 402 Angelo,
290 341 406 393 unde
427 343 647 403 Angelus?
677 344 798 401 Quos
822 362 873 390 ex
909 344 999 389 Deo
1025 361 1110 390 esse
1130 361 1230 397 cum
1261 343 1445 400 dicitur,

74 412 272 476 quamvis
290 423 403 462 recte
417 431 599 478 vereque
623 413 797 460 dicatur
812 452 822 470 ‚
852 414 1057 460 videntur
1076 426 1217 460 tamen
1237 413 1450 478 imperitis

73 493 117 529 et
137 483 279 529 minus
295 483 540 532 valentibus
560 485 715 531 acriter
731 503 795 531 res
817 484 987 534 abditas
1009 485 1169 530 intueri
1188 521 1198 540 ‚
1226 485 1348 547 quasi
1371 501 1449 548 per

72 555 309 619 quamdam
329 567 527 603 catenam
551 556 607 602 ad
633 557 772 603 Deum
796 556 907 605 mala
936 567 978 602 et
1010 567 1187 620 peccata
1224 555 1439 603 connecti.

73 628 170 674 Hac
190 627 428 691 quaestione
451 628 516 674 illi
536 645 712 689 regnare
743 646 785 674 se
808 638 970 692 putant
997 646 1006 673 :
1038 627 1164 692 quasi
1185 644 1286 674 vero
1309 626 1447 672 inter-

64 715 222 759 rogare
239 699 294 744 sit
316 699 437 747 seire.
463 701 637 746 [tinam
663 699 709 746 id
733 711 840 746 esset
861 718 872 746 x
898 717 1024 745 nemo
1049 716 1116 745 me
1146 699 1348 744 scientior
1377 716 1448 743 re-

64 769 301 834 periretur.
326 769 411 816 Sed
425 772 569 817 nescio
583 771 806 836 quomodo
820 788 935 835 saepe
954 771 1000 816 in
1016 769 1261 816 altercando
1281 785 1450 829 magna}

71 840 322 904 quaestionis
334 842 587 905 propositor
605 859 832 905 personam
853 841 999 901 magni
1023 840 1212 886 doctoris
1234 849 1418 891 ostentat
1436 876 1447 894 ‚

72 911 329 976 plerumque
351 913 442 976 ipse
467 913 564 977 ipso
588 931 718 978 quem
746 924 874 960 terret
902 913 948 958 in
971 930 1020 958 eo
1044 911 1097 957 de
1120 929 1207 976 quo
1234 921 1360 958 terret
1382 911 1454 956 in-

72 981 257 1030 doctior.
286 984 438 1047 Itaque
461 984 533 1030 isti
554 985 828 1031 multitudini
855 1001 897 1030 se
922 982 1216 1048 praeferendos
1236 982 1451 1028 arbitran-

72 1063 161 1109 tur,
204 1053 309 1117 quia
346 1054 510 1117 priores
539 1055 807 1116 interrogant
824 1093 835 1112 ,
878 1054 998 1119 quod
1030 1071 1130 1100 eum
1169 1052 1453 1100 multitudine

72 1123 288 1183 ignorant.
320 1124 403 1170 Sed
428 1125 461 1170 si
482 1142 531 1171 eo
556 1136 749 1189 tempore
768 1163 779 1183 ,
806 1143 894 1190 quo
924 1142 1022 1171 cum
1043 1125 1102 1170 eis
1118 1141 1210 1181 1110,
1237 1141 1324 1170 11011
1342 1124 1455 1170 sicut

68 1192 240 1253 jamdiu
271 1212 350 1254 ago
371 1231 382 1250 ‚
408 1195 540 1255 egisse
562 1214 679 1243 nune
699 1197 911 1260 poenitet,
940 1196 1051 1241 mihi
1077 1195 1155 1241 has
1178 1195 1363 1246 rationes
1378 1194 1453 1240 de·

73 1266 292 1328 promenti
309 1265 395 1312 hoc
413 1267 689 1326 objecissent,
707 1268 893 1314 dicerem
915 1285 925 1312 ε
945 1268 1105 1323 Quaeso
1124 1266 1298 1312 interim
1314 1303 1324 1322 ,
1352 1282 1452 1326 cog-

74 1338 237 1384 noscite
260 1355 431 1388 mecum
462 1341 583 1404 quod
616 1341 877 1388 facillimum
908 1351 993 1394 est3
1027 1341 1060 1385 si
1096 1339 1210 1385 nihil
1242 1339 1332 1393 sine
1361 1340 1451 1384 Deo

74 1421 218 1475 potest
230 1411 410 1472 fulgere,
429 1414 571 1461 multo
592 1416 735 1462 minus
752 1432 874 1479 posse
893 1414 1058 1478 aliquid
1076 1415 1217 1461 vivere
1231 1413 1319 1458 sine
1332 1414 1450 1458 Deo:

74 1499 128 1527 ne
148 1481 194 1533 in
219 1483 347 1533 tantis
369 1485 573 1535 monstris
600 1486 857 1550 opinionum
888 1501 1206 1540 remaneamus,
1236 1494 1285 1529 ut
1312 1483 1455 1529 neseio

75 1572 183 1618 quas
201 1556 364 1603 animas
380 1557 515 1603 vitam
532 1559 621 1604 sine
636 1562 726 1605 Deo
744 1559 906 1604 habere
926 1558 1229 1621 praedicemus.
1251 1556 1324 1609 Sic
1339 1557 1454 1602 enim

75 1624 251 1671 sortasse
273 1627 519 1687 continget,
550 1640 598 1676 ut
613 1629 659 1675 id
685 1629 804 1692 quod
833 1646 1004 1675 1110011111
1027 1628 1232 1689 ignoratis
1255 1665 1266 1683 ‚
1293 1626 1338 1673 id
1359 1637 1450 1683 est,

78 1697 193 1743 unde
218 1697 271 1743 sit
289 1697 452 1747 malum
465 1736 476 1756 ‚
497 1701 565 1749 vel
582 1701 737 1757 simul,
756 1701 821 1748 Vel
836 1700 1034 1765 quolibet
1051 1699 1203 1745 ordine
1221 1698 1455 1763 aliquando

77 1767 310 1818 discamus.
338 1769 460 1826 Quid
486 1771 519 1816 si
543 1771 658 1817 enim
680 1771 870 1832 cognitio
891 1771 1048 1818 summi
1070 1770 1173 1815 mali
1195 1769 1286 1815 sine
1309 1769 1457 1829 cogni-

81 1839 195 1884 tione
223 1840 380 1885 summi
410 1840 520 1886 boui
550 1841 798 1902 contingere
823 1841 995 1887 1101111111
1021 1858 1108 1893 11011
1141 1842 1315 1903 potest?
1359 1841 1457 1887 Non

78 1911 194 1956 enim
217 1928 437 1961 nossemus
460 1913 684 1968 tenebras,
712 1913 747 1959 si
771 1914 816 1959 in
843 1912 1028 1958 tenebris
1051 1928 1220 1974 semper
1237 1927 1420 1956 essemus
1444 1929 1455 1956 ι

77 1980 151 2031 sed
167 1981 278 2032 lucis
295 1982 448 2032 notitia
481 1983 751 2029 contrarium
779 2000 905 2028 suum
929 2000 1018 2028 non
1040 1982 1141 2035 sinit
1165 1982 1451 2041 incognitum.

79 2051 311 2099 Summum
333 2063 475 2099 autem
504 2054 672 2100 bonum
694 2091 705 2110 ,
732 2054 777 2100 id
796 2065 857 2099 est
873 2091 883 2110 ‚
917 2071 1004 2117 quo
1027 2052 1225 2116 superius
1242 2069 1328 2098 0550
1345 2052 1458 2098 nihil

78 2133 222 2187 potest
246 2139 257 2168 ε
285 2125 401 2171 Deus
439 2135 582 2171 autem
616 2125 808 2182 bonum‚
833 2136 875 2170 et
899 2125 991 2170 Deo
1016 2124 1213 2187 superius
1235 2139 1322 2169 esse
1347 2122 1460 2168 nihil

79 2203 222 2256 potest
249 2211 260 2239 ε
291 2194 406 2240 Deus
430 2195 562 2254 igitur
578 2213 794 2241 summum
814 2196 996 2242 bonum.
1021 2196 1345 2254 Cognoscamus
1361 2211 1460 2254 ergo

81 2266 247 2321 Deum,
271 2273 398 2329 atque
424 2267 482 2312 ita
506 2284 584 2312 nos
609 2267 720 2314 illud
756 2267 876 2331 quod
912 2283 1191 2331 praepropere
1223 2265 1460 2328 quaerimus

82 2353 170 2386 non
191 2335 359 2387 latebit.
392 2339 431 2386 M
441 2337 706 2387 ediocris—ne
727 2339 887 2399 negotii
909 2338 1080 2384 tandem
1103 2336 1169 2382 vel
1191 2336 1332 2382 meriti
1354 2353 1462 2396 cog-

81 2407 290 2459 nitionem
316 2408 395 2458 Dei
428 2426 514 2454 esse
539 2408 846 2455 arbitramini?
887 2408 1020 2466 Quod
1048 2409 1162 2454 enim
1188 2407 1315 2452 nohis
1339 2406 1460 2452 aliud

80 2477 314 2541 praemium
347 2496 477 2541 quam
499 2479 585 2526 vita
604 2490 763 2526 aeterna
790 2480 1088 2544 promittitur„
1114 2493 1215 2541 quae
1246 2477 1325 2522 Dei
1354 2493 1461 2537 cog-

83 2547 192 2601 nitio
211 2550 300 2601 0519
327 2549 396 2594 Ait
415 2550 527 2599 0111111
553 2550 752 2609 magister
778 2551 891 2596 Deus
916 2568 926 2596 z
953 2551 1095 2595 «Haec
1120 2559 1182 2593 est
1208 2557 1351 2597 autem
1372 2547 1461 2593 vita

86 2640 107 2662 »
132 2629 318 2676 aeterna,
351 2631 400 2666 ut
424 2632 688 2682 cognoscant
708 2632 747 2668 te
772 2621 914 2670 solum
955 2632 997 2668 et
1031 2637 1184 2668 verum
1222 2620 1389 2675 Deum2
1424 2628 1466 2664 et
