1795 3253
311 232 402 286 402
732 246 766 276 s.
809 243 1054 276 Aucusrnu
1089 245 1293 277 Eerscom

310 334 331 354 »
356 311 519 357 malum
546 328 632 357 non
658 321 877 374 operatur.
909 310 1142 356 Plenitudo
1170 321 1311 357 autem
1333 310 1436 371 legis
1457 321 1518 357 est
1538 311 1689 359 chari-

312 404 331 424 »
356 393 432 428 tas.
467 381 535 426 lbi
559 381 673 427 enim
700 391 800 426 sunt
822 381 910 427 duo
935 382 1006 427 illa
1032 391 1253 444 praecepta
1270 419 1281 435 ‚
1314 381 1558 428 dilectionis
1585 383 1686 440 Dei,

311 474 331 494 »
355 463 397 497 et
415 451 660 497 dilectionis
676 452 879 514 proximi,
902 452 1080 512 singulis
1099 452 1258 497 tabulis
1277 452 1530 515 explicata1.
1553 474 1574 495 »
1594 454 1691 500 Hoc

312 539 412 582 ergo
443 521 726 585 diptychium
755 521 826 568 ille
854 523 1085 586 praemisit,
1115 523 1192 585 qui
1223 522 1304 568 tibi
1329 523 1427 568 haec
1456 523 1544 569 duo
1570 540 1691 586 prae-

313 604 439 657 cepta
464 593 637 638 veniens
665 593 1003 641 commendavit.
1039 593 1084 639 in
1114 593 1276 656 quibus
1302 603 1392 638 tota
1418 597 1502 639 Lex
1530 593 1694 657 pendet

312 674 354 709 et
376 662 655 726 Prophetae2.
689 663 740 707 In
759 663 901 726 primo
921 673 1144 727 praecepto
1165 673 1226 709 est
1242 664 1414 709 castitas
1436 664 1694 728 nuptiarum

315 746 507 789 tuarum,
528 735 572 779 in
597 733 788 780 secundo
809 735 952 780 unitas
973 735 1273 780 membrorum
1290 745 1467 781 tuorum
1486 753 1495 780 :
1513 736 1588 782 illo
1605 753 1695 781 am-

314 805 515 870 plecteris
550 805 839 861 divinitatem,
883 806 964 851 isto
1005 822 1239 865 congregas
1276 806 1538 853 societatem.
1582 806 1696 863 Quae

315 877 404 923 duo
423 887 665 940 praecepta,
687 876 781 939 ipsa
803 886 905 921 sunt
928 876 1076 922 decem
1097 894 1107 921 ε
1125 877 1204 922 tria
1225 877 1445 939 pertinent
1461 877 1516 923 ad
1534 877 1691 933 Deum,

314 958 357 994 et
370 958 532 1012 septem
552 947 606 993 ad
626 947 887 1010 proximum.
909 948 947 992 Ο
968 946 1180 1010 pudicum
1202 947 1505 1011 diptychium,
1522 947 1567 993 in
1586 963 1693 1010 quo,

315 1029 457 1065 vetere
483 1019 638 1077 figura,
667 1017 739 1063 ille
763 1017 944 1063 dilector
968 1028 1010 1063 et
1038 1017 1223 1063 dilectus
1251 1029 1349 1064 tuus
1369 1018 1699 1081 prfenuntiabat

317 1089 398 1135 tibi
417 1089 639 1134 canticum
654 1106 835 1139 novum.
855 1089 900 1134 in
917 1088 1198 1135 decachordo
1217 1089 1421 1153 psalterio
1435 1089 1452 1117 ²⁹³
1465 1107 1476 1134 ι
1491 1099 1698 1152 tanquam

315 1176 397 1224 pro
425 1170 466 1205 te
491 1159 621 1204 etiam
646 1176 801 1205 nervos
822 1176 920 1205 suos
944 1170 1191 1205 extensurus
1215 1160 1257 1205 in
1281 1159 1416 1219 ligno,
1443 1170 1491 1205 ut
1515 1159 1570 1205 de
1588 1175 1699 1223 pec-

316 1241 414 1276 cato
435 1240 667 1294 peccatum
687 1229 914 1275 damnaret
932 1231 976 1275 in
997 1247 1144 1285 carne,
1169 1241 1210 1275 et
1229 1231 1397 1290 justitia
1414 1230 1518 1290 legis
1539 1230 1700 1294 imple-

319 1312 438 1347 retur
464 1301 508 1346 in
539 1299 626 1346 te·'⁴.
669 1300 709 1346 O
744 1300 1028 1363 diptychium
1063 1301 1307 1361 conjugale,
1347 1300 1466 1364 quod
1492 1318 1580 1347 non
1612 1301 1701 1346 sine

316 1388 446 1418 causa
469 1370 564 1417 odit
587 1370 797 1417 adultera.

383 1442 434 1489 V.
477 1442 501 1486 J
507 1459 574 1488 am
597 1441 712 1487 enim
730 1441 842 1486 mihi
864 1441 921 1488 ad
942 1452 980 1487 te
995 1452 1056 1487 est
1072 1458 1229 1499 sermo,
1258 1442 1504 1489 Manichaea
1524 1457 1702 1501 congre-

318 1513 433 1575 gatio
447 1513 592 1567 fallax,
610 1522 652 1558 et
665 1512 848 1558 fallaciis
867 1512 1077 1560 involuta.
1102 1513 1243 1559 Ita-ne
1262 1513 1514 1559 multinuba
1533 1523 1596 1558 tot
1613 1511 1702 1558 ele-

317 1585 473 1630 mentis
490 1621 501 1640 ‚
528 1583 597 1630 vel
620 1583 768 1647 potius
793 1585 995 1629 meretrix
1019 1585 1253 1648 prostituta
1283 1584 1512 1630 daemoniis
1528 1621 1538 1640 ,
1566 1593 1608 1629 et
1632 1599 1703 1629 sa-

321 1655 488 1716 crilegis
535 1655 803 1701 vanitatibus
844 1655 1132 1719 impraegnata
1151 1693 1161 1713 ,
1206 1657 1336 1701 audes
1378 1655 1705 1701 matrimonium

321 1727 590 1774 catholicum
616 1725 795 1771 Domini
830 1726 926 1782 tui,
962 1727 1145 1772 crimine
1169 1726 1460 1790 impudicitiae
1487 1726 1705 1772 lacerare?

322 1797 514 1845 Ostende
543 1796 671 1842 nobis
694 1796 894 1841 moechos
920 1806 1039 1853 tuos,
1067 1797 1455 1860 splenditenentem
1483 1795 1706 1859 pondera-

322 1879 478 1924 torem,
509 1878 551 1914 et
577 1866 795 1914 Atlantem
824 1866 1101 1914 laturarium.
1129 1868 1261 1914 Illum
1290 1868 1402 1913 enim
1431 1867 1540 1913 dicis
1562 1866 1708 1930 capita

322 1940 634 1986 elementorum
655 1948 816 1994 tenere,
839 1938 1145 2002 mundumque
1162 1938 1448 2002 suspendere3
1470 1940 1602 1984 istum
1623 1952 1706 1983 au·-

324 2023 409 2058 tem
426 2027 537 2072 genu
555 2011 657 2066 fixo,
675 2008 864 2073 scapulis
876 2009 1033 2056 validis
1051 2010 1332 2071 subbajulare
1344 2020 1509 2056 tantam
1527 2008 1704 2063 molem,

325 2082 477 2145 utique
504 2097 558 2127 ne
586 2080 658 2127 ille
679 2080 869 2127 deficiat.
899 2081 989 2126 Ubi
1013 2091 1114 2126 sunt
1136 2081 1236 2128 isti?
1262 2081 1351 2138 Qui
1375 2081 1409 2126 si
1431 2097 1529 2127 vere
1549 2088 1705 2135 essent,

326 2153 504 2218 quando
525 2152 579 2198 ad
601 2163 640 2198 te
653 2151 849 2199 venirent
869 2154 1077 2216 occupati
1101 2163 1220 2198 tanto
1237 2153 1410 2213 negotio
1421 2157 1439 2198 ἶ)
1458 2151 1634 2216 quando
1653 2149 1707 2196 acl

330 2235 372 2270 te
399 2225 627 2279 intrarent,
657 2233 706 2268 ut
730 2221 892 2268 blanda
917 2240 1051 2270 manu
1077 2234 1170 2280 tua,
1197 2234 1239 2269 et
1261 2224 1414 2280 otiosa,
1443 2222 1572 2286 plane
1597 2220 1710 2267 deli-

329 2305 447 2351 cata,
471 2305 571 2358 post
600 2304 769 2339 tantum
795 2293 987 2340 lahorem
1008 2332 1019 2351 ,
1047 2294 1169 2341 alteri
1191 2295 1396 2341 humeros
1419 2292 1707 2339 confricares?

332 2366 418 2413 Sed
437 2365 595 2412 fallunt
620 2375 660 2411 te
685 2364 799 2411 mala
822 2365 1056 2421 daemonia,
1075 2382 1176 2430 quae
1200 2376 1348 2412 tecum
1372 2373 1634 2420 scortantur,
1662 2372 1711 2409 ut

333 2437 555 2502 concipias
570 2436 813 2493 mendacia,
833 2443 876 2484 et
891 2437 1034 2500 parias
1051 2438 1371 2502 phantasmata.
1398 2438 1490 2482 Cur
1505 2450 1604 2496 ergo
1621 2450 1709 2480 non

378 2532 388 2556 ¹
405 2534 498 2564 Rom.
516 2541 590 2569 xm,
609 2542 641 2572 9,
659 2540 709 2565 ιο,
722 2534 754 2562 et
769 2529 869 2563 Exod.
885 2541 939 2569 xx,
955 2533 1055 2564 13.—-
1072 2529 1089 2553 2
1105 2530 1226 2564 Matth.
1247 2541 1330 2570 xxxx,
1345 2537 1445 2567 4ο.-
1459 2526 1475 2553 ³
1488 2529 1571 2563 Psal.
1592 2539 1658 2567 xcx,
1673 2528 1706 2561 6.

331 2602 375 2610 -
392 2582 407 2607 ⁴
423 2587 518 2617 Rom.
538 2592 582 2623 tv,
598 2584 628 2614 8.
