1795 3253
283 299 457 332 CONTRA
494 299 696 330 unsrun
729 297 1030 338 MANlcnAEun,
1069 300 1155 329 Lm.
1198 299 1289 330 xlx.
1397 282 1485 329 501

122 365 195 412 sed
221 365 484 430 adimplere3
510 364 675 411 scilicet
698 374 746 410 ut
771 380 859 408 non
880 363 1003 427 quasi
1023 364 1258 427 semiplena
1282 363 1371 409 istis
1393 381 1496 410 ver-

120 436 188 482 bis
216 436 526 497 integraretur,
570 433 643 481 sed
676 444 720 480 ut
766 433 885 498 quod
913 433 1054 479 littera
1085 435 1269 494 jubente
1310 444 1494 497 propter

122 508 410 571 superborum
426 505 812 570 praesumptionem
829 522 915 550 non
926 515 1114 568 poterat,
1135 505 1339 551 suadente
1358 504 1495 564 gratia

122 588 302 641 propter
325 577 561 623 humilium
597 574 903 621 confessionem
938 574 1191 639 impleretur
1206 612 1217 630 ,
1244 591 1373 638 opere
1397 573 1495 619 fae-

123 658 267 693 torum
286 685 297 703 ,
325 665 414 693 non
446 646 687 707 adjectione
717 646 965 691 verborum.
1007 667 1027 687 α
1047 645 1172 691 Fides
1206 646 1321 692 enim
1340 683 1351 702 ,
1385 644 1502 691 sicut

122 739 142 759 >2
170 717 404 780 Apostolus
419 717 502 772 ait,
531 733 610 779 per
633 715 908 762 dilectionem
933 726 1137 780 operatur
1153 715 1187 763 1.
1213 737 1235 758 »
1258 715 1383 762 Unde
1393 715 1498 762 item

121 787 262 833 dicit:
294 807 316 830 (ι
341 787 431 844 Qui
453 787 565 833 enim
601 786 742 846 diligit
775 785 976 842 alterum,
1014 787 1170 847 Legem
1204 786 1401 850 implevit
1422 786 1456 833 2.
1477 806 1500 827 »

123 860 255 904 Istam
281 857 540 903 charitatem
577 857 679 920 quia
702 856 873 903 veniens
893 856 1115 911 ChristuS,
1161 874 1239 919 per
1274 856 1497 920 Spiritum

122 939 320 975 sanctum
344 945 475 992 quem
497 928 759 992 promissum
781 928 915 984 misit,
958 927 1005 973 in
1030 926 1375 974 manifestatione
1411 927 1498 973 do-

122 999 262 1055 navit,
298 1016 385 1063 qua
409 999 498 1045 sola
523 999 736 1045 charitate
762 999 929 1059 justitia
954 998 1079 1058 Legis
1116 1009 1259 1062 posset
1304 998 1497 1062 impleri,

119 1079 349 1134 propterea
375 1068 512 1115 dixit:
539 1069 670 1115 «Noe
694 1070 793 1115 veni
829 1069 991 1115 solvere
1021 1070 1178 1130 Legem
1197 1107 1209 1126 ,
1250 1069 1325 1115 sed
1350 1069 1495 1115 adim-

123 1162 144 1183 »
167 1140 286 1204 plere
306 1139 339 1188 ³.
369 1162 390 1182 »
415 1141 512 1186 Hoc
529 1151 591 1186 est
609 1140 784 1187 Novum
814 1141 1156 1196 Testamentum,
1181 1157 1268 1204 quo
1289 1140 1396 1186 huic
1425 1139 1501 1185 di-

121 1211 297 1257 lectioni
319 1210 552 1257 haereditas
580 1211 699 1271 regni
737 1210 951 1257 coelorum
989 1212 1286 1275 promittitur,
1312 1210 1431 1274 quod
1454 1210 1501 1255 in

123 1282 272 1342 figuris
313 1282 477 1327 Veteris
521 1282 784 1327 Testamenti
820 1299 902 1345 pro
923 1293 1169 1345 temporum
1192 1281 1503 1327 distributione

123 1353 360 1412 tegebatur.
383 1351 507 1397 Unde
535 1351 650 1398 idem
676 1352 784 1398 dicit
807 1370 817 1397 :
850 1374 869 1393 «
888 1353 1146 1398 Mandatum
1166 1369 1328 1398 novum
1349 1352 1406 1398 do
1426 1368 1502 1398 vo-

124 1445 144 1465 »
162 1423 249 1477 bis,
273 1433 322 1469 ut
339 1440 414 1468 vos
436 1422 624 1468 invicem
639 1422 827 1483 diligatis
844 1422 881 1469 [⁸.
908 1444 927 1464 >)

189 1493 396 1539 XXVIII.
427 1494 581 1556 Itaque
597 1492 665 1539 vel
687 1495 831 1539 omnia
846 1531 856 1549 ,
876 1493 944 1540 vel
963 1510 1073 1557 pene
1096 1493 1257 1548 onmia,
1281 1510 1380 1557 quae
1403 1510 1503 1539 mo·-

123 1563 220 1609 nuit
236 1581 309 1609 seu
322 1563 553 1627 praecepit,
574 1563 652 1609 ubi
669 1563 950 1624 adjungebat.
976 1565 1066 1624 Ego
1086 1574 1227 1609 autern
1242 1563 1341 1609 dico
1356 1564 1498 1620 vobis,

122 1634 404 1680 inveniuntur
436 1645 477 1680 et
511 1635 556 1679 in
586 1634 671 1680 illis
700 1635 918 1681 veteribus
942 1635 1080 1681 libris.
1116 1635 1186 1680 Ibi
1211 1645 1362 1680 contra
1385 1635 1498 1681 iram

124 1704 292 1750 dictum
327 1714 411 1750 est:
436 1725 457 1746 c<
486 1704 708 1750 Turbatus
735 1715 796 1750 est
818 1721 912 1768 prae
928 1705 992 1750 ira
1017 1703 1169 1750 oculus
1189 1722 1307 1750 meus
1325 1704 1372 1750 5:
1392 1724 1412 1744 ›>
1438 1715 1498 1761 et,

125 1795 146 1816 «
166 1773 321 1820 Melior
339 1773 490 1837 estqui
508 1774 646 1820 vincit
664 1775 793 1830 iram,
814 1791 945 1838 quam
961 1775 1036 1838 qui
1050 1775 1169 1838 capit
1183 1774 1402 1821 civitatem
1420 1776 1453 1822 ⁶.
1480 1797 1501 1817 »

124 1844 195 1890 Ibi
207 1855 358 1890 contra
368 1845 554 1891 verbum
577 1844 738 1890 durum
758 1863 768 1890 ε
796 1845 964 1905 «Plaga
976 1845 1135 1905 flagelli
1151 1845 1332 1891 livorem
1351 1845 1501 1902 faciet,

125 1937 146 1957 >³
167 1915 297 1979 plaga
314 1925 458 1961 autem
475 1915 638 1976 linguae
669 1915 913 1976 confringet
926 1915 1061 1962 ossa7.
1084 1938 1104 1957 »
1120 1916 1190 1961 lbi
1215 1927 1366 1962 contra
1393 1932 1503 1962 moe-

124 1985 270 2032 chiam
293 1984 437 2032 cordis
461 2003 472 2031 2
494 1986 594 2031 «Ne
617 1986 901 2050 concupiscas
932 2003 1105 2033 uxorem
1135 1987 1322 2050 proximi
1341 1987 1407 2033 tui
1424 1988 1461 2045 8,
1481 2009 1503 2031 »

125 2057 226 2103 Non
258 2057 374 2102 enim
407 2057 496 2103 ait:
533 2057 598 2103 Ne
622 2056 834 2103 adulteres
860 2077 872 2109 ;
899 2057 971 2103 sed
992 2095 1003 2113 ,
1027 2058 1130 2104 «Ne
1161 2058 1460 2122 concupiscas,
1483 2080 1505 2101 »

125 2125 252 2172 Unde
272 2126 505 2190 Apostolus
517 2127 604 2173 hoc
621 2144 667 2173 ex
681 2129 793 2188 Lege
808 2139 1137 2185 commemorat,
1152 2127 1298 2174 dicens
1317 2146 1328 2174 ε
1345 2150 1366 2170 «
1389 2130 1503 2176 Nam

125 2197 563 2262 »concupiscentiam
580 2199 843 2256 nesciebam,
863 2199 945 2245 nisi
958 2201 1045 2246 Lex
1065 2199 1252 2246 diceret:
1275 2201 1375 2246 Non
1400 2217 1503 2246 con·

127 2287 148 2309 »
173 2268 342 2331 cupises
356 2270 389 2316 9.
410 2290 431 2311 κ
456 2269 598 2315 Ibide
622 2269 832 2333 patientia
858 2287 948 2316 non
967 2270 1192 2318 resistendi
1208 2270 1413 2317 laudatur
1436 2270 1505 2318 vir

126 2338 328 2402 praebens
359 2340 623 2403 percutienti
664 2357 706 2385 se
743 2341 963 2387 maxillam
997 2353 1041 2388 et
1082 2352 1295 2388 saturatus
1332 2358 1504 2405 oppro-

126 2407 302 2456 briis10.
334 2409 406 2456 Ibi
442 2410 496 2457 de
531 2411 709 2457 inimico
734 2410 952 2473 diligendo
986 2412 1178 2460 dicitur:
1206 2433 1224 2455 α
1242 2411 1289 2458 Si
1311 2411 1507 2458 esurierit

177 2507 188 2530 ¹
210 2507 311 2540 Galat.
327 2519 357 2546 v,
377 2510 408 2541 6.
427 2527 470 2534 —
488 2508 504 2531 ²
520 2512 615 2543 Rom.
640 2520 716 2548 xm,
738 2513 768 2542 8.
786 2529 829 2535 —
846 2508 860 2533 3
877 2511 992 2545 Matth.
1011 2524 1042 2550 v,
1067 2523 1118 2551 17.
1142 2528 1184 2536 ——
1200 2507 1215 2533 ⁴
1233 2510 1331 2543 Joan.
1353 2521 1429 2550 xm,
1445 2512 1503 2548 34,

129 2577 174 2584 -
187 2558 200 2582 5
215 2561 298 2594 Psal.
313 2573 361 2600 vt,
375 2563 408 2595 8.
428 2580 467 2586 —
485 2560 500 2584 ⁶
517 2565 609 2593 Prov.
631 2573 699 2602 xvi,
727 2564 782 2594 32.
803 2581 847 2588 —
871 2562 885 2586 ⁷
903 2565 999 2598 Eccli.
1023 2575 1141 2608 xxviii,
1165 2575 1218 2596 21.
1235 2581 1281 2588 —
1297 2560 1311 2587 8
1328 2563 1428 2597 Exod.
1445 2574 1505 2609 xx,

133 2623 188 2660 17,
207 2618 239 2646 et
253 2616 349 2647 Deut.
369 2625 423 2655 xv,
439 2625 494 2649 π.
513 2633 557 2640 -
569 2612 584 2637 9
600 2617 695 2648 Rom.
715 2626 774 2660 vir,
798 2629 827 2658 7.
844 2633 890 2641 -
907 2616 936 2642 ¹⁰
949 2617 1068 2651 Thren.
1082 2628 1135 2654 111,
1154 2617 1208 2652 30.
