1795 3253
304 280 396 338 948
724 296 758 326 s.
802 294 1044 329 Aucusrini
1081 295 1284 326 Eriscom

304 362 434 408 versis
455 360 618 407 Christi
639 362 984 422 generationibus
1009 380 1030 407 a
1053 361 1228 407 duobus
1259 361 1540 424 Evangelistis
1564 382 1681 411 com-

302 433 549 480 memoratis
569 470 579 489 ‚
611 434 831 498 quomodo
852 435 962 481 duos
985 445 1128 498 patres
1147 434 1290 496 potuit
1311 434 1474 481 habere
1492 436 1678 501 Joseph,

302 521 490 569 quorum
515 504 809 566 progenitores
838 504 993 550 diversi
1030 515 1355 550 enumerentur.
1389 505 1487 551 Hoc
1512 516 1554 551 et
1578 523 1679 562 VOS,

301 576 335 620 si
358 574 551 620 studium
577 575 865 620 contentionis
887 592 973 620 non
998 585 1249 631 exeaecaret,
1271 574 1401 620 facile
1425 575 1570 622 videre
1586 594 1684 640 pos-

303 646 416 693 setis.
451 645 535 691 Sed
556 646 612 691 ab
635 646 718 691 illis
736 646 837 692 viris
856 646 936 692 alia
959 646 1087 691 etiam
1108 646 1290 709 quaesita
1309 656 1351 691 et
1370 646 1545 693 inventa
1563 658 1680 705 sunt,

303 734 406 764 cum
437 733 585 762 omnes
620 716 781 763 harum
815 717 1116 762 narrationum
1148 728 1293 780 partes
1331 729 1681 780 pertractarent:

303 787 403 833 haec
424 798 567 833 autem
587 805 609 832 a
627 798 767 833 vestro
782 787 1002 833 intellectu
1023 786 1267 846 longissime
1284 798 1447 834 remota
1467 799 1581 836 sunt.
1600 790 1686 835 lta-

302 875 388 923 que
408 858 535 904 etiam
555 857 601 904 in
625 858 865 904 Manichaei
891 875 1032 904 errore
1056 857 1309 916 constituti,
1345 858 1391 904 id
1416 858 1536 922 quod
1560 859 1605 904 in
1623 876 1686 905 re-

305 930 391 975 bus
414 929 617 975 humanis
647 929 738 975 fieri
765 929 898 985 solet,
936 940 985 974 ut
1011 928 1119 974 alius
1156 946 1285 975 carne
1313 939 1484 989 generet
1509 929 1647 976 filium
1672 968 1683 987 ‚

309 999 418 1046 alius
448 1017 547 1046 eum
580 999 802 1046 voluntate
842 1000 1050 1063 adoptet,
1093 1016 1142 1045 ae
1183 1000 1244 1046 sic
1277 1017 1388 1047 unus
1416 1000 1525 1047 duos
1547 1012 1690 1065 patres

305 1071 490 1127 habeat,
512 1070 546 1117 si
565 1088 653 1116 non
671 1070 852 1117 adverso
872 1072 1016 1117 animo
1039 1070 1232 1130 legeretis
1247 1108 1258 1128 ‚
1292 1071 1524 1131 cogitando
1546 1071 1692 1119 videre

309 1142 506 1206 possetis

376 1213 451 1260 IV.
463 1214 557 1260 Cur
570 1225 712 1260 autem
731 1214 968 1260 Matthaeus
984 1213 1041 1260 ab
1051 1214 1276 1261 Abraham
1292 1215 1494 1278 coeperit,
1512 1214 1695 1262 deseen-

310 1283 416 1330 dens
437 1301 571 1348 usque
596 1284 650 1330 ad
669 1284 866 1348 Joseph;
900 1287 1045 1331 Lucas
1079 1295 1223 1331 autem
1248 1303 1270 1330 a
1291 1287 1456 1349 Joseph
1477 1287 1664 1350 coeperit
1683 1324 1694 1344 ‚

313 1354 571 1412 ascendens,
596 1373 684 1402 non
710 1372 846 1420 usque
870 1355 926 1401 ad
948 1355 1175 1402 Abraham
1191 1393 1202 1412 ,
1233 1356 1305 1402 sed
1325 1374 1462 1421 usque
1482 1358 1536 1403 ad
1558 1359 1698 1404 Deum

313 1426 391 1490 qui
423 1426 526 1473 fecit
557 1427 806 1483 hominem,
836 1437 878 1473 et
901 1427 1004 1473 dato
1027 1438 1252 1491 praecepto
1285 1439 1543 1492 potestatem
1581 1425 1702 1476 dedit

314 1508 365 1543 ut
384 1498 562 1545 credens
584 1499 716 1545 Filius
738 1499 819 1545 Dei
838 1499 958 1544 fieret
977 1517 987 1545 z
1011 1510 1053 1545 et
1073 1517 1153 1545 cur
1176 1499 1247 1545 ille
1268 1499 1314 1545 in
1339 1501 1482 1564 capite
1502 1501 1606 1547 libri
1626 1517 1702 1562 ge-

314 1570 557 1616 nerationes
579 1571 694 1634 ipsas
714 1571 1015 1623 enumeravit3
1041 1570 1113 1616 ille
1138 1581 1283 1616 autem
1299 1608 1310 1628 ,
1344 1588 1446 1617 eum
1488 1572 1702 1618 Dominus

318 1641 519 1688 Salvator
546 1660 569 1688 a
595 1643 762 1687 Joanne
785 1642 1033 1705 baptizatus
1056 1641 1207 1687 fuisset
1244 1659 1254 1686 ε
1291 1652 1333 1687 et
1352 1642 1460 1706 quid
1488 1643 1571 1688 sibi
1599 1642 1705 1688 velit

317 1729 524 1759 numerus
543 1714 867 1773 generationum
888 1712 1126 1759 secundum
1139 1713 1401 1758 Matthaeum
1415 1751 1426 1770 ,
1447 1724 1496 1759 ut
1511 1724 1575 1759 ter
1592 1729 1706 1776 qua—

319 1783 565 1829 tuordecim
591 1783 863 1844 digerantur,
893 1784 1054 1848 quibus
1083 1783 1128 1829 in
1155 1800 1369 1829 summam
1407 1784 1671 1849 computatis
1691 1820 1703 1839 ‚

320 1864 531 1918 tanquam
553 1871 638 1901 una
661 1855 805 1901 minus
824 1865 1060 1919 appareat3
1083 1871 1289 1900 numerus
1311 1865 1452 1901 autem
1471 1855 1708 1916 generatio-

322 1942 430 1972 num
450 1925 692 1972 seeundum
708 1928 874 1972 Lucam
891 1963 901 1982 ‚
925 1925 1000 1989 qui
1024 1926 1068 1972 in
1090 1925 1310 1990 baptismo
1326 1926 1503 1972 Domini
1521 1943 1710 1972 comme-

326 2005 540 2052 moratur,
567 1996 622 2042 ad
649 1996 922 2061 septuaginta
940 2007 983 2042 et
1003 2006 1167 2060 septem
1183 1997 1408 2060 perveniat
1435 2014 1446 2042 ε
1469 2014 1599 2060 quem
1625 2014 1712 2043 nu-

327 2084 496 2114 merum
525 2067 615 2131 ipse
639 2069 854 2114 Dominus
883 2069 928 2114 in
950 2079 1235 2132 peecatorum
1261 2068 1556 2114 remissionem
1588 2085 1713 2114 com-

331 2138 510 2186 mendat
532 2139 681 2184 dicens
708 2157 719 2184 :
749 2160 769 2180 α
791 2140 889 2185 Non
909 2150 1079 2185 tantum
1100 2140 1274 2204 septies,
1295 2140 1367 2185 sed
1389 2157 1525 2203 usque
1537 2150 1715 2204 septua-

334 2230 356 2252 »
371 2209 458 2270 gies
478 2209 661 2272 septies1
680 2210 853 2256 :nnullo
874 2221 1004 2274 paeto
1029 2210 1234 2271 indagare
1250 2210 1446 2274 possetis,
1463 2210 1544 2255 nisi
1567 2220 1643 2256 aut
1659 2209 1716 2254 ab

333 2279 476 2344 aliquo
495 2280 726 2326 Catholico
750 2281 795 2326 id
822 2280 1026 2326 audiretis
1047 2319 1057 2338 ‚
1087 2299 1175 2327 non
1195 2281 1414 2344 quolibet,
1443 2280 1516 2326 sed
1537 2280 1716 2326 divina-

330 2368 429 2397 rum
451 2352 780 2414 Scripturarum
805 2352 998 2398 studioso
1019 2390 1029 2407 ‚
1058 2363 1100 2398 et
1116 2362 1331 2417 quantum
1351 2362 1513 2415 posset,
1541 2352 1684 2415 perito
1702 2371 1714 2405 ς

335 2433 409 2468 aut
426 2422 508 2486 ipsi
527 2423 584 2468 ab
604 2441 745 2469 errore
771 2424 953 2469 correcti
975 2461 985 2479 ‚
1014 2424 1171 2488 pietate
1194 2423 1413 2469 catholica
1433 2422 1638 2486 peteretis
1671 2432 1720 2468 ut

334 2494 586 2557 acciperetis
602 2531 612 2550 ‚
641 2495 889 2558 quaereretis
910 2505 957 2540 ut
981 2495 1245 2551 inveniretis,
1269 2493 1498 2558 pulsaretis
1516 2494 1720 2540 utintra-

340 2574 456 2610 retis.

389 2650 537 2683 ¹Mauh.
556 2662 651 2688 xvni.
673 2662 726 2684 22.
