1795 3253
321 208 415 262 54²4
743 222 777 251 s.
822 220 1064 254 Auensrim
1100 220 1302 252 EPISCOPI

317 286 623 332 Verumtamen
659 285 867 332 attendite
888 323 899 343 ‚
935 298 976 332 et
1013 286 1113 331 date
1147 285 1256 331 mihi
1292 301 1428 331 unum
1457 285 1699 348 quamlibet

323 357 662 416 abjectissimum
680 355 863 412 animal,
892 361 1017 417 cujus
1041 356 1185 402 anima
1208 355 1347 401 oderit
1364 372 1537 401 carnem
1557 373 1696 412 suam,

319 444 368 472 ac
390 444 474 472 non
495 427 641 489 potius
663 427 827 471 nutriat
843 437 884 472 et
902 427 1044 473 foveat
1061 443 1175 481 eam,
1205 437 1414 490 motuque
1434 426 1553 472 vitali
1574 443 1701 486 vege-

325 507 385 542 tet
409 508 449 542 et
470 507 605 556 regat,
631 507 671 541 et
690 497 881 559 quodam
905 498 1035 543 modo
1067 497 1338 542 administret
1359 513 1441 560 pro
1455 496 1521 542 sui
1541 497 1705 557 generis

320 566 547 626 exiguitate
571 566 797 629 quoddam
828 567 1075 614 universum
1109 582 1253 622 suum,
1280 566 1335 611 ad
1359 566 1705 612 incolumitatem

323 636 530 681 tuendam
562 636 645 681 sibi
670 636 967 683 conciliatum.
1012 636 1142 693 Quod
1178 636 1292 681 enim
1320 636 1541 681 rationalis
1561 636 1705 682 anima

321 707 502 766 castigat
516 722 675 769 corpus
691 723 836 764 suum,
857 718 898 752 et
917 706 1113 752 servituti
1130 705 1326 765 subjicit,
1348 723 1400 751 ne
1416 705 1705 752 immoderato

325 776 523 839 appetitu
542 786 807 822 terrenorum
828 776 1093 840 impediatur
1113 794 1135 821 a
1155 775 1437 838 perceptione
1462 775 1702 839 sapientiae,

322 848 451 892 etiam
479 847 539 892 sic
564 847 715 911 utique
739 846 882 907 diligit
906 864 1080 893 carnem
1096 863 1234 900 suam,
1256 863 1389 908 quam
1414 846 1497 892 sihi
1521 846 1577 891 ad
1602 846 1708 891 obe-

325 916 535 962 diendum
572 916 763 977 legitime
805 917 955 962 subdit
987 927 1116 979 atque
1154 916 1341 963 ordinat.
1386 917 1609 961 Postremo
1632 932 1709 962 vos

325 987 426 1049 ipsi,
453 987 652 1050 quamvis
678 986 841 1032 carnali
860 1004 1002 1032 errore
1026 1003 1201 1032 carnem
1222 985 1508 1042 detestemini,
1528 1002 1614 1031 non
1630 1002 1709 1049 po-

324 1057 440 1102 tcstis
462 1058 542 1102 nisi
557 1057 733 1117 diligere
758 1075 933 1103 carnem
951 1068 1155 1112 vestram,
1178 1060 1355 1120 ejusque
1373 1056 1497 1102 saluti
1522 1067 1564 1102 et
1580 1057 1709 1101 inco-

323 1127 517 1173 lumitati
536 1127 781 1183 consulere,
803 1145 955 1173 omnes
973 1128 1103 1182 ictus,
1128 1138 1169 1172 et
1189 1144 1329 1184 casus,
1351 1137 1393 1173 et
1410 1127 1708 1190 intemperiem

324 1214 411 1261 qua
450 1196 628 1242 laeditur
670 1196 894 1251 devitare3
919 1198 1188 1243 munimenta
1208 1214 1308 1242 vero
1337 1208 1379 1242 et
1409 1197 1710 1242 salubritatem

324 1284 411 1330 qua
431 1277 713 1313 conservatur
741 1278 944 1331 appetere
973 1286 983 1312 ε
1012 1269 1070 1312 ita
1104 1267 1329 1312 ostenditis
1368 1266 1604 1330 praevalere
1627 1284 1710 1312 na-

325 1349 435 1384 turae
458 1337 591 1397 legem
615 1348 765 1383 contra
784 1339 937 1384 erroris
959 1339 1089 1386 vestri
1109 1338 1376 1401 opinionem.

396 1409 472 1454 VI.
509 1407 628 1464 Quid
657 1408 702 1453 in
734 1409 828 1472 ipsa
853 1426 982 1454 carne
1007 1408 1155 1455 vitalia
1194 1408 1375 1465 viscera,
1405 1408 1537 1453 totius
1558 1407 1712 1453 formae

326 1479 626 1526 convenientia
642 1516 653 1535 ‚
690 1480 886 1525 membra
924 1478 1159 1543 operandi,
1196 1496 1293 1525 vasa
1320 1479 1559 1535 sentiendi,
1603 1478 1712 1524 locis

324 1561 452 1613 atque
489 1548 640 1595 officiis
662 1550 747 1595 suis
773 1561 932 1596 cuncta
968 1550 1173 1595 distincta
1196 1586 1206 1604 ‚
1242 1560 1284 1594 et
1307 1549 1516 1595 concordi
1545 1549 1710 1595 unitate

327 1630 525 1666 contexta
544 1656 554 1675 ‚
583 1620 880 1666 moderatione
909 1637 1234 1676 mensurarum,
1262 1619 1480 1682 parilitate
1504 1635 1712 1665 numero-

330 1709 445 1746 rum,
476 1690 626 1736 ordine
645 1690 893 1753 ponderum
910 1728 921 1746 ,
949 1708 1092 1736 nonne
1117 1690 1316 1736 indicant
1350 1691 1559 1736 artificem
1585 1706 1713 1736 suum

333 1764 473 1808 Deum
495 1778 664 1817 verum,
690 1763 760 1807 cui
784 1779 881 1807 vere
905 1762 1073 1807 dictum
1093 1771 1155 1806 est
1179 1779 1190 1805 τ
1217 1782 1236 1802 α
1259 1761 1419 1806 Omnia
1437 1761 1482 1805 in
1512 1777 1713 1806 mensura

337 1856 358 1875 »
381 1844 422 1878 et
445 1849 625 1877 numero
650 1841 691 1877 et
721 1831 917 1894 pondere
946 1830 1197 1894 disposuisti
1215 1829 1248 1877 1.
1275 1851 1295 1871 n
1319 1829 1365 1875 Si
1388 1846 1486 1889 ergo
1530 1846 1606 1875 cor
1625 1847 1713 1876 non

335 1918 585 1967 perversum
608 1911 737 1965 atque
765 1912 1022 1965 corruptum
1046 1901 1168 1947 vanis
1191 1899 1351 1945 fabulis
1368 1899 1584 1945 haberetis
1601 1936 1612 1956 ‚
1639 1899 1713 1945 in-

332 1971 520 2020 visibilia
554 1975 644 2031 ejus
680 1972 809 2018 etiam
834 1989 912 2036 per
931 1973 1011 2018 ista
1036 1989 1137 2036 quae
1160 1971 1206 2016 in
1229 1970 1315 2016 hac
1337 1970 1486 2015 infima
1523 1981 1565 2016 et
1610 1987 1713 2016 car-

335 2043 420 2090 nali
447 2053 643 2088 creatura
660 2041 774 2088 facta
793 2053 918 2100 sunt,
949 2042 1166 2088 intellecta
1192 2041 1498 2104 conspiceretis
1522 2041 1555 2087 2.
1585 2039 1712 2086 Unde

337 2115 451 2160 enim
467 2114 555 2159 istis
569 2114 665 2159 haee
675 2130 773 2177 quae
786 2112 1141 2169 commemoravi,
1157 2112 1238 2158 nisi
1255 2112 1310 2157 ab
1322 2110 1396 2157 illo
1410 2115 1533 2171 cujus
1545 2111 1710 2157 unitate

337 2184 476 2230 omnis
500 2183 654 2229 modus
673 2184 854 2239 sistitur,
883 2188 1008 2244 cujus
1031 2183 1242 2247 sapientia
1266 2181 1406 2226 omnis
1423 2180 1712 2245 pulchritudo

337 2254 570 2309 formatur,
593 2258 716 2313 cujus
733 2255 823 2315 lege
842 2256 981 2301 omnis
1023 2255 1129 2301 ordo
1165 2252 1438 2317 disponitur?
1461 2252 1581 2316 quod
1603 2253 1636 2297 si
1657 2251 1714 2297 ad

335 2327 416 2372 ista
439 2324 648 2370 intuenda
676 2326 853 2372 oculum
881 2344 970 2373 non
1011 2326 1211 2382 habetis,
1240 2323 1492 2388 Apostolica
1526 2340 1603 2370 vos
1624 2322 1714 2369 du-

338 2406 411 2441 cat
435 2406 687 2442 auctoritas.
1473 2404 1476 2407 ’

405 2467 506 2513 VII.
539 2467 772 2530 Apostolus
790 2469 924 2527 enim,
957 2486 1058 2516 cum
1084 2467 1138 2515 de
1170 2477 1317 2515 saneta
1344 2466 1574 2513 dilectione
1591 2480 1713 2530 prae-

389 2549 400 2572 1
417 2551 489 2592 Sap.
509 2548 716 2588 x1,21.—2
733 2553 829 2586 Rom.
851 2563 873 2592 1,
895 2563 945 2587 20.
