1795 3253
308 297 366 352 54
719 307 753 338 ε.
796 304 1038 336 mausum
1075 303 1276 335 lzt‘lscorl

309 389 381 424 tur
399 394 445 422 ex
465 374 668 421 omnibus
688 389 786 437 quae
809 389 991 436 corpore
1009 373 1252 418 sentiuntur
1269 371 1345 417 ista
1364 372 1484 428 luce,
1513 389 1600 437 qua
1617 371 1682 418 ni-

309 459 442 495 terer,
469 456 510 491 et
531 445 574 490 in
592 461 677 508 qua
696 443 879 504 gradum
904 443 1023 489 illum
1053 441 1341 505 inquisitionis
1361 459 1467 488 meae
1491 459 1680 488 necessa-

305 519 371 564 rio
406 516 687 569 collocarem,
727 531 948 578 pergerem
976 513 1193 559 attendere
1225 511 1331 576 quid
1365 524 1560 573 ageretur
1595 512 1682 558 hoc

304 587 464 640 modo,
509 603 764 650 mecumque,
801 586 859 630 ita
896 584 1205 630 sermocinarer
1241 601 1251 628 z
1292 583 1336 629 Si
1370 583 1432 629 sol
1463 584 1540 630 iste
1563 594 1682 630 tanta

307 659 503 705 claritate
521 657 782 720 conspicuus
804 667 844 702 et
863 655 946 702 diei
966 656 1061 701 luce
1081 654 1292 699 sulliciens
1309 690 1319 709 ‚
1342 671 1476 718 usque
1494 654 1548 701 ad
1566 654 1682 701 lunae

309 728 635 776 similitudinem
678 729 722 773 in
757 738 992 790 conspectu
1028 737 1174 771 nostro
1207 725 1420 788 paulatim
1453 726 1679 782 deiiceret,

310 818 415 847 num
437 799 554 844 alind
581 799 820 863 quidquam
844 798 980 844 oculis
1007 797 1260 843 sentiremus
1283 813 1414 860 quam
1443 797 1583 842 lucem
1608 807 1684 843 ut-

314 887 501 934 cumque
526 870 786 929 l'ulgentem3
812 869 954 914 lucem
980 879 1122 913 tamen
1151 877 1418 930 quaerentes,
1445 868 1565 932 quod
1586 868 1685 914 fue-

312 952 378 987 rat
407 958 493 986 uon
517 939 705 986 videndo
725 977 735 990 ,
774 951 817 985 et
852 939 1098 985 haurientes
1133 937 1321 984 videndo
1353 939 1473 1002 quod
1508 939 1683 985 aderat?

313 1013 412 1058 Bon
433 1028 531 1070 ergo
557 1011 680 1056 illum
697 1010 912 1056 defectum
930 1009 1172 1055 videremus
1192 1045 1202 1064 ‚
1232 1008 1305 1054 sed
1329 1009 1471 1056 lucem
1495 1025 1593 1073 quae
1616 1009 1689 1055 de-

311 1082 445 1128 fectui
466 1092 711 1128 remaneret.
746 1083 859 1126 Cum
886 1091 1027 1126 autem
1049 1097 1136 1125 non
1160 1079 1403 1126 videremus
1420 1116 1431 1137 ‚
1457 1097 1547 1125 non
1565 1080 1691 1126 senti-

314 1170 458 1199 remus
487 1169 497 1197 :
527 1151 744 1216 quidquid
785 1151 900 1197 enim
943 1151 1150 1196 sentimus
1195 1162 1398 1214 aspectu,
1432 1168 1520 1196 nou
1552 1161 1695 1215 potest

315 1241 404 1270 non
423 1223 560 1269 videri
583 1241 593 1267 z
621 1239 754 1286 quare
777 1223 810 1268 si
837 1222 1030 1268 defectus
1055 1222 1126 1268 ille
1146 1239 1284 1286 neque
1309 1222 1427 1279 risu,
1451 1238 1591 1286 neque
1612 1222 1694 1268 alio

317 1311 442 1340 sensu
472 1294 731 1349 sentiretur,
770 1311 858 1339 non
893 1303 1038 1356 posset
1071 1294 1182 1338 iuter
1216 1292 1433 1339 sensibilia
1458 1292 1689 1339 numerari.

320 1364 444 1411 Nihil
466 1364 579 1410 enim
603 1364 802 1410 sensibile
821 1374 900 1421 est,
924 1364 1043 1428 quod
1066 1364 1210 1409 sentiri
1230 1381 1317 1409 non
1334 1374 1491 1427 potest.
1526 1363 1698 1410 Refera-

321 1452 417 1482 mus
440 1451 555 1480 nunc
577 1434 965 1480 considerationem
997 1434 1050 1480 ad
1080 1435 1314 1490 virtutem,
1341 1439 1466 1495 cujus
1491 1434 1700 1495 intelligi-

320 1505 402 1552 bili
439 1504 535 1551 luce
567 1504 791 1568 splendere
828 1505 1019 1550 animum
1063 1506 1460 1552 convenientissime
1493 1505 1694 1552 dicimus.

323 1578 460 1623 l‘orro
482 1576 536 1622 ab
561 1575 645 1621 hac
664 1574 760 1621 luce
783 1575 956 1621 virtutis
975 1575 1168 1621 delectus
1184 1576 1363 1639 quidam
1384 1594 1470 1622 non
1487 1577 1703 1640 perimens

325 1647 538 1701 animam,
569 1646 641 1691 sed
671 1647 934 1701 obscurans,
966 1646 1122 1692 vitium
1154 1658 1349 1694 vocatur.
1391 1648 1538 1693 Potest
1572 1647 1704 1707 igitur

326 1729 440 1766 reete
455 1717 608 1763 vitium
627 1734 801 1781 quoque
824 1718 979 1764 animae
998 1734 1272 1781 nequaquam
1291 1718 1402 1764 inter
1415 1718 1705 1779 intelligibilia

329 1788 574 1844 numerari,
600 1799 648 1833 ut
668 1788 778 1834 lucis
800 1787 870 1834 ille
893 1788 1083 1834 defectus
1109 1799 1223 1834 recte
1246 1788 1299 1834 de
1325 1789 1592 1835 sensibilium
1618 1805 1705 1834 nu-

331 1876 449 1906 mero
468 1859 665 1905 eximitur
686 1876 695 1903 :
722 1858 830 1906 illud
849 1869 990 1905 tamen
1007 1859 1127 1923 quod
1148 1870 1337 1905 remanet
1356 1860 1512 1906 animae
1527 1896 1538 1915 ,
1559 1859 1604 1906 id
1624 1869 1703 1914 est,

332 1931 421 1977 hoc
447 1931 588 1993 ipsum
609 1929 728 1994 quod
753 1930 859 1976 tivit
876 1940 1004 1994 atque
1027 1930 1170 1976 anima
1201 1941 1262 1976 est
1277 1967 1288 1987 ‚
1319 1941 1404 1976 tam
1424 1942 1485 1976 est
1506 1930 1708 1990 intelligi-

334 2000 444 2057 bile,
479 2017 611 2065 quam
643 2000 840 2046 sensibile
872 2000 1004 2057 illud,
1030 2000 1150 2065 quod
1181 2002 1226 2047 in
1251 2001 1338 2048 hoe
1365 2002 1527 2048 visibili
1547 2001 1710 2050 lumine

335 2082 436 2136 post
455 2071 668 2118 defectum
689 2081 1092 2135 quantumcumque
1106 2070 1288 2132 fulgeret
1312 2090 1322 2117 ε
1345 2083 1387 2118 et
1405 2072 1502 2118 ideo
1521 2072 1710 2118 animam

335 2145 382 2190 in
413 2152 629 2207 quantum
651 2142 795 2187 anima
818 2153 948 2188 esset.
975 2152 1017 2187 et
1044 2143 1146 2189 vitae
1175 2142 1484 2206 participaret,
1514 2143 1602 2188 sine
1624 2159 1712 2207 qua

337 2212 459 2259 nullo
479 2222 608 2275 paeto
624 2212 766 2257 anima
783 2229 869 2259 esse
881 2222 1043 2275 potest,
1066 2214 1298 2259 rectissime
1313 2214 1516 2259 omnibus
1534 2213 1712 2259 sensibi-

336 2282 452 2329 libus
476 2281 690 2330 anteferri.
728 2282 1025 2339 Quamobrem
1050 2283 1222 2330 maximi
1249 2284 1403 2330 erroris
1431 2301 1519 2330 osse
1537 2321 1548 2341 ‚
1580 2284 1711 2330 ullam

339 2353 526 2400 animam
547 2351 688 2398 dicere,
711 2370 796 2398 non
817 2370 902 2399 esse
917 2370 962 2399 ex
986 2353 1097 2409 Deo,
1119 2372 1165 2400 ex
1181 2371 1269 2418 quo
1292 2371 1377 2401 esse
1393 2353 1526 2402 solem
1545 2355 1712 2403 lunam-

337 2440 421 2488 que
440 2423 644 2482 glorieris,

404 2494 502 2541 Vll.
546 2494 675 2550 Quod
697 2495 728 2540 si
743 2498 835 2553 jam
862 2496 1050 2559 placeret
1071 2497 1214 2543 omnia
1233 2496 1447 2543 sensibilia
1468 2496 1710 2553 nominare,

343 2582 429 2610 non
446 2563 577 2610 modo
597 2582 645 2611 ea
663 2582 763 2630 quae
789 2567 1062 2621 sentiremus3
1086 2568 1304 2616 sedetiam
1329 2585 1375 2613 ea
1398 2584 1498 2631 quae
1518 2585 1604 2614 non
1622 2585 1716 2614 sen-

343 2633 489 2680 tiendo
515 2645 655 2681 tamen
683 2653 758 2699 per
789 2653 948 2701 corpus
965 2638 1286 2697 judicaremus,
1321 2638 1434 2686 sicut
1465 2657 1542 2702 per
1565 2639 1714 2689 oculos

349 2716 374 2749 t‹
392 2706 567 2762 iiebras,
606 2717 646 2752 et
669 2724 746 2771 per
776 2725 895 2754 aures
926 2709 1170 2764 silentium3
1197 2721 1240 2756 et
1272 2710 1365 2757 illas
1395 2710 1509 2756 enim
1535 2725 1622 2757 non
1643 2710 1713 2757 vi-
