1795 3253
241 236 417 270 CONTRA
451 237 654 268 FAUSTUM
688 235 992 279 MANICHAEUM‚
1030 238 1114 269 Lm.
1155 239 1238 270 xn.
1345 225 1438 287 319

74 305 130 352 ad
142 305 241 351 haec
251 304 499 368 responsuri
515 313 629 359 sunt,
639 319 739 348 cum
759 312 905 365 aperte
918 301 999 347 alio
1013 302 1110 349 loco
1125 303 1178 349 de
1190 304 1276 350 hoc
1288 306 1447 351 semine

75 376 131 422 ad
148 375 372 422 Abraham
397 374 569 420 dicatur
596 391 607 418 :
637 394 657 415 «
674 374 726 417 ln
752 373 911 418 semine
938 383 1014 418 tuo
1029 373 1342 421 benedicentur
1364 393 1449 421 om-

74 468 96 489 »
121 463 194 491 nes
216 457 359 506 gentes
386 444 560 491 terrae1
551 448 568 479 D
587 466 606 485 »
639 445 748 488 Nam
769 443 801 487 si
825 460 874 488 eo
904 453 1094 506 tempore
1120 444 1226 490 hinc
1246 445 1450 509 disputa-

75 533 241 574 remus,
272 533 360 580 quo
384 527 579 579 tempore
602 515 690 559 hoc
720 513 962 594 exponebat
990 515 1225 578 Apostolus
1258 516 1405 562 dicens
1436 535 1447 562 t

76 612 97 633 «
117 590 310 638 Abrahae
340 589 470 635 dictae
503 599 602 634 sunt
625 586 929 651 promissiones
963 597 1003 632 et
1028 588 1179 635 semini
1208 592 1324 648 ejus·
1315 626 1326 643 ‚
1361 608 1449 636 non

77 683 98 703 »
123 661 256 717 dicit,
280 662 337 706 Et
357 659 618 714 seminibus,
646 668 850 721 tanquam
875 656 920 702 in
942 658 1112 712 multis3
1138 658 1211 704 sed
1244 670 1451 723 tanquam

77 753 98 774 »
121 732 167 778 in
185 747 272 777 uno
291 768 302 787 ,
334 731 390 775 Et
413 729 563 775 semini
588 739 663 774 tuo
678 765 689 783 ‚
712 726 830 791 quod
855 738 916 772 est
942 728 1143 774 Christus
1160 730 1177 757 2
1200 748 1210 774 :
1230 752 1250 771 »
1275 729 1452 777 sortasse

78 802 232 866 aliquis
246 819 335 848 non
347 811 434 846 tam
448 799 727 863 impudenter
739 798 872 844 nollet
885 798 971 844 hoc
986 799 1176 856 credere,
1217 812 1450 865 antequam

76 873 243 921 videret
265 889 411 918 omnes
435 881 578 931 gentes
602 868 774 915 credere
792 868 837 914 in
855 868 1082 914 Christum
1101 907 1111 925 ‚
1139 870 1214 932 qui
1235 871 1456 933 praedica-

78 954 150 989 tur
173 960 221 988 ex
238 942 398 988 semine
423 940 663 987 Abraham.
698 939 825 984 Nunc
843 956 945 985 vero
972 956 1074 985 cum
1094 940 1182 985 hoc
1200 940 1375 1004 impleri
1387 942 1460 988 vi-

12 1011 15 1013 *
78 1013 280 1069 deamus,
320 1011 442 1075 quod
471 1022 589 1057 tanto
616 1021 713 1055 ante
737 1010 1079 1073 praenuntiatum
1104 1011 1285 1071 legimus
1304 1050 1314 1069 ‚
1355 1031 1456 1059 cum

79 1100 225 1129 omnes
256 1093 401 1142 gentes
421 1086 512 1141 jam
532 1080 852 1127 benedicantur
874 1080 919 1125 in
945 1081 1107 1126 semine
1139 1082 1355 1140 Abrahae,
1384 1084 1457 1130 cui

79 1153 248 1200 dictum
266 1164 328 1199 est
352 1163 451 1198 ante
475 1169 686 1198 annorum
706 1150 840 1196 millia
865 1172 884 1192 α
907 1169 917 1196 :
948 1152 999 1197 In
1025 1153 1184 1198 semine
1209 1164 1283 1199 tuo
1318 1155 1456 1200 110110-

80 1247 101 1267 »
125 1225 327 1270 dicentur
348 1240 495 1268 omnes
522 1232 665 1282 gentes
686 1239 697 1266 ι
722 1221 818 1284 quis
836 1232 925 1266 tam
939 1222 1218 1284 pertinaciter
1236 1223 1423 1270 insaniat
1444 1263 1455 1282 ‚

81 1305 130 1341 ut
151 1294 219 1340 vel
246 1293 376 1339 alium
400 1292 625 1338 Christum
643 1329 653 1347 ‚
682 1292 759 1354 qui
784 1308 872 1337 non
890 1291 944 1336 sit
971 1309 1019 1336 ex
1052 1294 1210 1339 semine
1244 1295 1454 1352 Abrahae,

81 1374 263 1411 conetur
293 1363 524 1416 inducere3
558 1362 627 1408 vel
659 1361 712 1407 de
743 1362 824 1407 isto
858 1378 960 1407 vero
987 1362 1163 1409 Christo
1198 1366 1454 1428 prophetias

81 1436 298 1491 hebraeas,
324 1437 449 1493 cujus
469 1432 605 1493 gentis
630 1443 753 1496 pater
775 1443 837 1478 est
860 1432 1229 1490 Abraham‚nihil
1243 1436 1452 1482 existimet

81 1505 429 1570 praenuntiasse?

147 1577 205 1621 VJ
214 1577 248 1622 I.
290 1575 398 1631 Quis
419 1585 561 1619 autem
586 1583 728 1637 potest
744 1612 754 1629 ‚
781 1591 871 1619 non
895 1573 996 1619 dico
1022 1591 1109 1620 una
1131 1575 1254 1621 brevi
1277 1594 1461 1640 respon-

83 1645 200 1692 sione
220 1683 229 1702 ,
254 1645 400 1709 quales
415 1645 461 1690 in
476 1645 563 1690 hoc
591 1661 721 1707 opere
744 1644 907 1690 hahere
930 1655 1222 1702 coarctamur,
1248 1647 1321 1693 sed
1343 1666 1458 1711 quo-

84 1717 193 1762 libet
229 1716 394 1776 ingenti
431 1715 653 1761 volumine
684 1714 830 1760 onmia
867 1733 1205 1762 commemorare
1241 1721 1464 1780 praeconia

84 1787 409 1850 Prophetarum
435 1786 748 1842 Hebraeorum,
773 1786 827 1831 de
846 1787 1033 1832 Domino
1056 1798 1098 1832 et
1120 1787 1342 1836 Salvatore
1365 1808 1462 1837 nos-

84 1869 152 1904 tro
171 1859 193 1903 J
200 1875 273 1904 esu
292 1857 497 1904 Christo?
525 1857 885 1920 quandoquidem
910 1859 1056 1903 omnia
1079 1876 1178 1922 quae
1200 1859 1284 1906 illis
1315 1863 1461 1908 conti-

85 1939 244 1974 nentur
270 1927 393 1973 libris
411 1965 421 1984 ,
449 1927 517 1973 vel
541 1927 594 1972 de
612 1929 706 1990 ipso
728 1927 844 1972 dicta
868 1939 994 1983 sunt,
1017 1928 1083 1975 vel
1099 1941 1282 1992 propter
1297 1932 1456 1995 ipsum.

88 1999 172 2044 Sed
194 2009 375 2063 propter
396 1997 742 2043 exercitationem
771 1999 1004 2061 quaerentis
1022 2036 1033 2055 ,
1065 2010 1106 2044 et
1135 1999 1466 2049 delectationem

85 2069 343 2116 invenientis
359 2106 369 2125 ‚
394 2069 532 2114 multo
553 2068 681 2132 plura
706 2068 770 2113 1111
789 2086 867 2132 per
885 2069 1106 2129 allegorias
1133 2081 1175 2116 et
1196 2071 1428 2132 aenigmata
1449 2112 1460 2129 ‚

87 2140 247 2204 partim
271 2140 417 2186 verbis
440 2138 538 2184 solis
560 2139 851 2196 insinuantur,
879 2140 1042 2202 partim
1068 2140 1196 2186 etiam
1223 2141 1338 2188 facta
1358 2162 1463 2190 nar-

87 2221 252 2257 rantur.
276 2210 585 2256 Verumtamen
609 2209 691 2254 nisi
710 2209 854 2273 aliqua
871 2210 935 2255 1111
948 2209 1173 2256 manifesta
1191 2223 1355 2271 essent,
1375 2232 1463 2261 non

90 2280 532 2344 comprehenderetur
571 2297 740 2336 50115115,
774 2297 862 2344 quo
893 2281 1022 2326 etiam
1047 2281 1232 2328 obscura
1255 2284 1467 2331 claresce-

90 2362 199 2398 rent.
228 2352 492 2414 Quanquam
513 2361 553 2395 et
579 2368 626 2396 ex
654 2350 738 2396 illis
766 2368 865 2414 quae
888 2352 1036 2412 figuris
1053 2352 1249 2399 involuta
1270 2365 1392 2411 sunt,
1428 2355 1463 2401 si

92 2421 298 2486 quaedam
313 2422 433 2468 velut
450 2421 532 2467 sub
552 2438 640 2467 11110
665 2432 841 2485 aspectu
864 2423 988 2487 quasi
1008 2433 1205 2469 contexta
1223 2436 1463 2487 ponantur,

140 2540 152 2563 ¹
167 2542 250 2575 Gen,
264 2550 352 2580 xxvi,
367 2546 400 2577 4.
416 2558 459 2564 -
478 2537 494 2562 2
508 2539 615 2573 Galat.
634 2549 687 2578 111,
707 2539 761 2573 16.

371 2602 401 2621 Χ
