1795 3253
349 245 441 293 258
768 259 804 290 ε.
846 258 1088 290 AUGuani
1124 261 1327 294 131>1scol³1

347 348 368 368 »
394 345 415 372 a
442 324 645 381 mortuis,
675 341 722 369 ex
770 325 929 371 semine
981 326 1122 372 David
1168 328 1408 376 secundum
1439 330 1722 394 Evangelium

345 420 366 441 »
392 395 605 450 meum'13
635 417 654 437 »
704 396 806 442 satis
855 409 1039 461 apparet
1075 398 1446 462 quemadmodum
1497 404 1722 453 Christum

343 469 484 515 filium
523 467 713 513 hominis
739 466 911 513 credere
951 468 1216 526 debeamus,
1245 471 1320 533 qui
1358 472 1490 520 Filius
1527 475 1604 521 Dei
1644 494 1724 541 per
1791 499 1795 506 ·

341 558 469 605 quem
487 538 592 585 facti
613 555 776 595 sumu5,
799 538 927 584 ctiam
945 539 1061 585 silius
1081 540 1272 587 hominis
1287 559 1367 606 per
1382 546 1721 609 assumptionem

339 612 481 658 carnis
515 610 653 657 factus
686 619 772 666 est,
800 620 848 655 ut
889 620 1128 656 moreretur
1150 622 1332 676 propter
1365 613 1522 661 delicta
1553 628 1716 676 nostra,

339 694 382 730 et
402 692 638 743 resurgeret
660 691 842 745 proptor
865 681 1222 741 justificationem
1258 694 1448 731 nostram
1467 686 1500 734 2.
1528 687 1720 753 Ideoque

335 765 569 817 utrumque
594 770 636 798 se
657 752 783 808 dicit,
816 762 858 797 et
890 751 1049 798 Filium
1084 753 1196 810 Dei,
1237 765 1280 800 et
1316 755 1475 803 Filium
1511 758 1714 806 hominis.

335 825 461 872 Unde
484 842 537 871 ne
555 841 733 889 pergam
758 840 835 886 per
860 823 1051 886 plurima
1067 862 1077 877 ,
1105 841 1193 870 uuo
1219 824 1375 872 locoin
1400 828 1635 890 Evangelio
1652 848 1721 876 se-
1780 863 1781 866 ,

336 897 532 944 eundum
555 897 767 942 Joanuem
791 895 848 940 ita
864 895 1182 959 scriptumest:
1209 918 1228 938 a
1252 899 1388 943 Amen
1406 936 1417 954 ‚
1460 918 1584 947 amen
1621 902 1720 949 dico

335 989 356 1010 »
380 968 522 1024 vobis,
548 968 651 1031 quia
671 966 789 1013 venit
807 965 934 1021 hora,
956 977 997 1011 et
1024 984 1141 1013 nunc
1161 978 1241 1022 est,
1264 969 1441 1031 quando
1460 973 1621 1018 mortui
1648 990 1722 1019 au-
1780 964 1781 967 Ἴ

335 1060 357 1083 >›
381 1039 502 1086 dient
531 1056 681 1086 vocem
709 1037 805 1083 Filii
833 1037 937 1093 Dei,
982 1048 1023 1083 ot
1061 1038 1138 1102 qui
1157 1039 1376 1085 audierint
1400 1042 1561 1090 vivent.
1598 1044 1721 1090 Sicut
1780 1055 1781 1106 ζ

338 1131 360 1153 »
385 1110 499 1156 euim
519 1110 650 1155 Pater
668 1108 807 1154 habet
824 1107 958 1154 vitam
990 1108 1035 1154 in
1059 1110 1306 1173 semetipso,
1332 1111 1392 1156 sic
1411 1111 1532 1158 dedit
1550 1124 1591 1160 et
1612 1114 1719 1160 Filio
1779 1119 1795 1150 2-

336 1202 356 1223 »
380 1181 513 1227 vitam
530 1181 692 1226 habere
712 1179 757 1225 in
775 1179 1026 1242 semetipso,
1064 1190 1106 1224 et
1132 1190 1388 1244 potestatem
1408 1181 1719 1245 dediteijudi-

333 1274 354 1294 »
377 1251 495 1298 cium
515 1250 671 1306 facere,
697 1249 800 1313 quia
824 1248 938 1294 filius
966 1249 1155 1295 hominis
1168 1261 1230 1295 est
1248 1251 1280 1297 3.
1312 1273 1332 1292 >2
1355 1253 1497 1299 Dixit:
1516 1276 1536 1296 «
1555 1255 1717 1302 Vocem
1780 1250 1795 1297 J}

332 1345 354 1365 ))
380 1322 568 1368 FiliiDei
591 1320 798 1367 audient:
819 1340 838 1360 »
858 1329 899 1365 et
923 1319 1057 1364 dixit:
1086 1320 1236 1377 «Quia
1260 1320 1375 1367 filius
1393 1322 1583 1371 hominis
1598 1336 1673 1373 est.
1696 1348 1716 1368 ))
1780 1324 1783 1333 “

334 1393 687 1440 Secundumhoc
711 1391 827 1436 enim
842 1390 963 1453 quod
978 1390 1112 1436 Filius
1132 1391 1325 1437 hominis
1345 1403 1424 1450 est,
1449 1397 1619 1460 accepit
1642 1415 1720 1461 po-
1781 1439 1783 1454 ⁴

334 1476 528 1511 testatem
550 1463 770 1524 J'udieium
808 1461 1016 1517 faciendi,
1043 1461 1144 1526 quia
1168 1462 1213 1507 in
1234 1463 1327 1526 ipsa
1352 1462 1490 1511 forma
1512 1478 1720 1515 venturus
1782 1459 1783 1492 1

334 1547 396 1582 est
421 1535 727 1597 adjudicium,
757 1543 865 1578 utet
886 1533 1053 1578 abonis
1075 1543 1117 1578 et
1137 1551 1160 1578 a
1182 1533 1307 1579 malis
1325 1535 1537 1585 rideatur.
1563 1540 1615 1584 ln
1632 1557 1720 1603 qua
1782 1546 1783 1592 Ῐ

336 1607 478 1654 forma
522 1606 652 1652 etiam
684 1603 877 1650 ascendit
900 1604 946 1650 in
976 1603 1167 1661 coelum,
1207 1615 1249 1650 et
1280 1622 1357 1651 vox
1380 1607 1454 1653 illa
1485 1609 1719 1674 Discipulis

336 1680 507 1726 sonuit:
535 1701 555 1721 «
579 1678 650 1724 Sic
667 1677 809 1724 veniet
832 1675 1207 1740 quemadmodum
1227 1694 1326 1722 eum
1352 1678 1518 1726 vidistis
1543 1693 1718 1728 euntem
1793 1732 1795 1735 ,

337 1774 358 1795 »
385 1752 431 1797 in
453 1750 618 1797 coelum
637 1748 670 1796 4.
691 1749 838 1794 »Nam
861 1747 1102 1793 secundum
1121 1746 1167 1793 id
1191 1747 1310 1810 quod
1329 1748 1462 1795 Filius
1484 1751 1580 1808 Dei,
1602 1752 1717 1799 Deus
1782 1767 1795 1816 5i

338 1821 516 1886 aequalis
542 1831 604 1866 est
627 1819 773 1871 Patri,
803 1829 961 1864 etcum
988 1818 1116 1863 Patre
1147 1834 1303 1873 unum,
1338 1837 1426 1866 non
1450 1821 1672 1869 videbitur
1691 1841 1717 1869 a
1782 1817 1795 1858 θ’

338 1893 462 1939 malis
483 1910 494 1937 t
523 1914 543 1934 c<
567 1891 688 1937 Beati
710 1890 821 1936 enim
842 1888 1008 1935 mundo
1024 1888 1173 1945 corde,
1201 1889 1304 1953 quia
1326 1890 1410 1954 ipsi
1438 1893 1577 1939 Deum
1595 1894 1722 1940 vide-

336 1985 357 2006 »
380 1964 495 2009 bunt
514 1963 547 2010 5.
573 1983 593 2003 »
616 1961 730 2007 Cum
755 1977 855 2021 ergo
879 1958 1158 2006 credentibus
1180 1960 1225 2005 in
1249 1976 1292 2006 se
1326 1964 1555 2025 promittat
1579 1965 1717 2012 vitam

339 2045 562 2090 aeternam,
589 2049 668 2079 nec
693 2031 810 2078 aliud
846 2031 899 2077 sit
923 2029 1097 2076 credere
1118 2030 1165 2076 in
1186 2047 1303 2087 cum,
1330 2049 1464 2097 quam
1488 2035 1661 2083 credere
1676 2037 1722 2082 in

338 2122 490 2152 verum
508 2104 752 2160 Christum,
783 2101 958 2166 qualem
983 2118 1026 2147 se
1043 2101 1134 2165 ipse
1157 2101 1398 2165 praedicat,
1431 2115 1473 2150 et
1498 2106 1554 2152 ab
1576 2108 1722 2171 Apos-

343 2176 441 2222 tolis
465 2175 750 2240 praedicatur,
778 2174 864 2220 hoc
889 2183 968 2229 est,
993 2182 1035 2218 et
1060 2189 1212 2218 verum
1232 2172 1312 2218 Dei
1337 2174 1492 2221 Filium
1514 2187 1555 2222 et
1571 2194 1722 2224 verum
1783 2206 1795 2245 ;Ι

343 2247 533 2294 hominis
550 2246 712 2300 filium3
732 2262 808 2291 vos
830 2243 1154 2308 Manicliaeiqui
1168 2243 1341 2290 creditis
1359 2246 1405 2291 in
1424 2246 1722 2296 falsumetfal-

342 2317 497 2374 lacem,
511 2315 1034 2364 falsietfallacishominis
1052 2315 1210 2372 filium,
1227 2331 1328 2361 cum
1343 2317 1539 2381 etipsum
1559 2321 1714 2378 Deum,
1784 2373 1785 2385 γ

345 2391 481 2452 gentis
505 2388 694 2436 adversae
720 2387 912 2434 tumultu
929 2387 1224 2451 perterritum,
1241 2388 1437 2434 membra
1462 2407 1538 2436 sua
1561 2391 1722 2437 misisse
1784 2386 1795 2434 {J

344 2462 599 2520 crucianda,
642 2478 722 2508 nec
760 2470 909 2525 postea
941 2470 1031 2505 tota
1074 2457 1307 2522 purganda
1344 2459 1525 2519 docetis,
1567 2463 1723 2510 videtis
1784 2474 1785 2477 ’

391 2552 404 2576 ²
434 2565 452 2584 2
477 2553 564 2586 Tim.
593 2565 631 2595 11,
653 2549 776 2584 8.—2
794 2553 892 2583 Rom.
912 2560 958 2593 iv,
978 2546 1228 2584 25.—3Joan.
1251 2562 1282 2589 v,
1302 2551 1355 2581 25.
1370 2569 1414 2576 -
1436 2548 1451 2575 ⁴
1468 2554 1542 2588 Act.
1561 2565 1585 2594 1,
1609 2565 1661 2589 ιι,
1676 2570 1721 2579 -.

344 2604 359 2627 ⁵
375 2605 492 2638 Matih.
512 2618 542 2644 v,
562 2606 594 2639 8.
