1795 3253
348 303 404 332 ΒΕ
442 300 669 331 unumst:
706 299 948 339 veteomor,
990 299 1075 329 mr..
1123 301 1148 328 1.
1397 284 1450 329 ις’)

68 369 128 416 ita
151 369 264 415 mihi
296 367 577 432 probaretur,
614 374 662 411 ut
689 363 970 428 impudenter
1000 381 1224 424 nega1·em;
1250 377 1353 410 num
1383 381 1454 410 re-

66 438 408 506 prehendendus
430 438 622 494 viderer,
652 436 686 482 si
708 453 807 482 eum
833 435 1116 482 existimarem
1149 451 1250 482 cum
1275 435 1363 482 hoc
1383 435 1456 482 di-

69 521 200 567 ceret,
215 510 458 571 significare
477 508 682 564 voluisse,
703 507 788 553 sibi
805 506 978 571 placere
1003 507 1316 563 innocentiam,
1335 517 1376 552 et
1399 507 1454 553 ab

77 582 136 628 eis
172 581 335 645 quibus
371 579 605 626 hominum
648 595 781 638 genus
815 577 1110 625 involveretur
1142 577 1461 641 cupiditatibus

77 651 271 697 animum
312 650 526 706 alienum,
551 660 593 695 et
608 666 654 694 ex
674 665 724 694 eo
759 648 883 694 illum
904 648 1040 708 magis
1059 648 1281 712 magisque
1306 647 1459 708 dilige-

75 737 184 777 rem,
209 737 342 785 quam
359 729 482 766 antea
501 719 765 780 diligebam3
793 720 923 765 etiam
939 719 974 764 si
997 717 1177 765 fortasse
1194 718 1264 765 ille
1289 719 1333 764 in
1356 736 1462 783 pue-

76 807 225 839 rorum
268 791 475 837 aetatibus
521 790 769 836 libertatem
813 788 1052 854 quamdam
1098 791 1143 837 in
1186 789 1380 835 ludendo
1425 800 1467 835 et

80 861 271 908 cibando
301 871 431 925 atque
461 861 667 921 ignavum
706 861 844 907 otium
881 860 1038 906 stultus
1083 859 1357 906 adamasset?
1384 862 1469 906 Fac

86 932 202 979 enim
224 949 325 978 eum
353 949 441 978 esse
475 930 735 978 defunctum
769 942 1006 997 postquam
1029 931 1117 977 hoc
1141 931 1253 977 mihi
1287 931 1468 977 nuntia-

82 1013 178 1049 tum
203 1013 292 1060 est,
317 1019 398 1049 nec
432 1002 690 1063 interrogari
727 1021 750 1049 a
788 1020 856 1049 me
887 1002 1080 1067 potuisse
1107 1001 1377 1066 quidquam,
1424 1013 1471 1047 ut

90 1073 278 1137 aperiret
301 1073 555 1119 sententiam
571 1091 717 1128 suam;
743 1084 925 1119 esset-ne
947 1073 1178 1136 quisquam
1200 1083 1290 1118 tam
1309 1073 1472 1137 impro-

86 1144 169 1189 bus
193 1143 271 1208 qui
292 1144 405 1190 mihi
420 1155 713 1204 succenseret,
729 1161 832 1190 cum
855 1144 1047 1190 hominis
1067 1143 1292 1189 laudarem
1310 1160 1473 1208 propo-

90 1214 219 1260 situm
241 1224 284 1260 et
297 1214 573 1261 voluntatem
593 1233 673 1279 per
692 1214 765 1261 illa
787 1215 881 1278 ipsa
906 1214 1041 1260 verba
1062 1231 1163 1278 quae
1190 1231 1443 1277 acceperam
1459 1219 1477 1260 ζ)

93 1284 214 1341 Quid
231 1285 353 1349 quod
371 1286 503 1332 etiam
520 1289 666 1346 Justus
693 1303 840 1332 rerum
862 1285 1125 1332 existimator
1147 1303 1237 1331 non
1257 1285 1481 1331 dubitaret

93 1354 269 1400 fortasse
284 1355 464 1402 laudare
481 1357 735 1419 opinionem
753 1373 803 1403 ac
822 1356 1091 1402 voluntatem
1110 1373 1250 1401 meam
1269 1393 1280 1411 ,
1309 1373 1411 1401 cum
1437 1368 1479 1400 et

91 1425 339 1472 innocentia
360 1426 473 1473 mihi
485 1427 676 1490 placeret
695 1465 705 1484 ,
723 1438 765 1473 et
786 1427 920 1473 homo
936 1427 989 1473 de
1008 1427 1184 1473 homine
1206 1427 1252 1472 iu
1280 1444 1324 1472 re
1345 1427 1478 1472 dubia

96 1497 205 1542 bene
218 1498 364 1560 potius
381 1497 682 1554 existimarem,
705 1515 806 1544 cum
825 1499 955 1544 etiam
976 1497 1257 1544 maleliceret.

168 1568 245 1614 xl.
289 1567 401 1624 Quae
420 1584 522 1613 cum
547 1568 608 1614 ita
631 1568 746 1625 sint,
778 1568 882 1615 audi
911 1568 1037 1614 etiam
1062 1568 1311 1614 earumdem
1330 1567 1483 1631 Scrip-

102 1650 294 1684 turarum
317 1638 495 1684 totidem
519 1638 789 1685 conditiones
807 1649 849 1685 et
868 1639 1144 1686 differentias.
1177 1641 1289 1685 Nam
1316 1655 1483 1684 necess(-

100 1718 162 1753 est
193 1707 372 1753 totidem
403 1719 652 1756 occurrant.
700 1710 786 1755 Aut
813 1710 930 1754 enim
963 1708 1129 1753 utiliter
1153 1708 1328 1771 scripsit
1365 1708 1486 1771 quis-

102 1778 220 1842 piam
236 1815 247 1833 ,
275 1788 318 1822 et
343 1794 433 1823 non
459 1778 624 1824 utiliter
649 1779 703 1823 ab
730 1778 877 1841 aliquo
901 1778 1160 1838 intelligitur
1185 1794 1195 1822 ε
1222 1788 1296 1823 aut
1317 1788 1493 1823 utrum-

105 1864 189 1912 que
221 1847 434 1893 inutiliter
458 1849 540 1894 fit:
566 1859 643 1894 aut
679 1848 842 1894 utiliter
871 1848 1072 1908 intelligit
1095 1848 1257 1904 lector,
1290 1865 1390 1894 cum
1422 1848 1492 1894 ille

106 1928 275 1974 contra,
297 1918 373 1982 qui
387 1918 545 1979 legitur
560 1957 571 1977 ,
595 1919 829 1983 scripserit,
857 1921 1028 1966 Horum
1048 1919 1181 1965 trium
1195 1920 1387 1983 primum
1407 1937 1494 1964 non

107 1989 315 2052 improbo
331 2027 342 2045 ,
364 1989 570 2036 ultimum
593 2007 682 2036 non
704 2007 823 2037 curo.
854 1992 966 2037 Nam
986 2007 1124 2053 neque
1147 2008 1323 2053 possum
1343 2008 1493 2054 repre-

111 2059 300 2105 hendere
317 2061 563 2117 hominem,
593 2061 671 2126 qui
702 2061 823 2108 nulla
856 2079 931 2107 sua
961 2061 1095 2125 culpa
1116 2061 1228 2106 male
1251 2061 1494 2107 intellectus

112 2141 199 2184 est3
223 2147 303 2177 nec
322 2131 499 2178 moleste
517 2133 679 2179 habere
695 2150 961 2196 quemquam
994 2132 1077 2192 legi
1097 2170 1107 2188 ,
1136 2132 1214 2196 qui
1240 2149 1389 2178 verum
1408 2150 1497 2178 non

115 2202 272 2249 viderit
286 2239 298 2258 ,
320 2219 422 2249 cum
438 2204 587 2250 obesse
600 2204 843 2265 legentibus
861 2204 975 2250 nihil
993 2204 1180 2251 videam.
1207 2204 1353 2249 Unum
1370 2205 1502 2263 igitur

117 2289 251 2333 genus
267 2283 330 2318 est
351 2273 734 2336 probatissimum,
768 2286 811 2320 et
835 2276 959 2338 quasi
984 2275 1341 2338 purgatissimum
1361 2312 1371 2331 ,
1400 2293 1502 2322 cum

118 2353 164 2388 et
177 2343 295 2389 bona
320 2343 484 2406 scripta
513 2353 637 2399 sunt,
662 2354 705 2389 et
728 2344 774 2389 in
798 2343 963 2390 bonam
991 2354 1157 2408 partem
1180 2344 1458 2407 accipiuntur
1482 2365 1506 2392 a

121 2412 376 2473 legentibus.
414 2413 468 2459 ‘ld
496 2430 671 2478 quoque
700 2425 848 2461 tamen
876 2415 1025 2461 adhuc
1061 2415 1106 2461 in
1139 2414 1229 2460 duo
1266 2415 1501 2472 dividitur,

123 2500 214 2530 non
229 2484 344 2530 enim
367 2485 539 2548 penitus
555 2485 746 2531 excludit
764 2503 967 2533 errorem.
1001 2486 1112 2531 Nam
1143 2485 1286 2531 evenit
1307 2486 1507 2549 plerum-

126 2569 237 2618 que,
268 2565 318 2605 ut
344 2571 446 2601 cum
483 2556 593 2602 bene
626 2557 804 2603 senserit
832 2557 1022 2621 scriptor
1039 2594 1050 2614 ,
1084 2557 1195 2602 bene
1222 2556 1351 2603 etiam
1378 2557 1513 2606 lector

128 2627 306 2679 sentiat3
333 2625 407 2673 sed
431 2625 551 2675 aliud
569 2643 704 2691 quam
727 2625 799 2675 ille
814 2665 825 2685 ,
852 2637 896 2674 et
925 2644 1043 2691 saepe
1063 2627 1243 2684 melius,
1266 2642 1382 2692 saepe
1399 2630 1513 2676 infe-
