1795 3253
241 304 417 336 CONTRA
451 306 657 337 FAUSTUM
691 305 991 347 MAmcuAEUM,
1029 307 1117 337 LIB.
1160 308 1231 338 xv.
1338 291 1431 352 395

63 481 425 494 naaexuzznxz==suxsz
434 483 870 494 snmmmwwwaevn·
884 485 888 490 .
903 483 914 491 r
935 487 944 497 ι,
954 483 1162 496 nau-§mm
1175 484 1419 495 xwzthmxxu==

602 604 780 649 LIBER
816 602 909 650 XV.

124 760 159 805 Ι.
202 761 396 805 FAusTus
416 759 548 805 dixit:
570 781 590 801 c<
611 760 757 815 Quare
773 775 861 804 non
884 759 1082 822 accipitis
1106 761 1432 806 Testamentum

59 829 220 875 Vetus?
249 829 363 885 Quia
386 840 428 875 et
448 847 574 875 omne
600 847 674 875 vas
695 830 875 893 plenum
895 829 1120 892 superfusa
1140 846 1229 875 non
1254 831 1428 893 recipit,

61 899 131 944 sed
149 890 364 944 ¹effundit:
394 909 436 944 et
453 900 700 945 stomachus
723 910 841 944 satur
865 899 1005 974 rejicit
1028 899 1201 959 ingesta.
1246 900 1434 946 Proinde

61 975 129 1013 et
143 967 289 1013 Judae'i
305 985 352 1014 ex
376 971 761 1032 praeoccupatione
783 971 819 1013 M
828 986 973 1032 oyseos
1000 971 1273 1015 Test·unento
1293 970 1437 1016 Veteri

62 1038 229 1091 satiati,
269 1049 528 1101 respuerunt
562 1040 768 1083 Novum:
799 1049 840 1084 et
864 1056 941 1083 nos
971 1056 1017 1084 ex
1044 1039 1208 1084 Christi
1232 1056 1436 1102 praeven-

62 1107 178 1152 ti'one
214 1107 337 1152 Novo
356 1106 517 1162 referti,
541 1109 784 1170 respuimus
804 1108 946 1154 Vetus.
981 1108 1066 1153 Vos
1086 1108 1182 1154 ideo
1204 1119 1437 1171 utrumque

63 1177 278 1239 accipitis,
297 1177 399 1239 quia
418 1177 463 1221 in
484 1188 636 1223 neutro
655 1177 752 1223 estis
766 1177 904 1241 pleni,
931 1178 1002 1223 sed
1017 1179 1144 1223 semi:
1170 1178 1439 1241 alterumque

63 1259 111 1291 ex
136 1243 327 1291 alteroin
350 1247 475 1292 vobis
501 1264 588 1292 non
610 1258 695 1292 tam
716 1247 924 1309 repletur,
954 1265 1089 1310 quam
1111 1248 1435 1311 corrumpitur·
1425 1284 1436 1301 ‚

63 1317 165 1379 'quia
181 1326 223 1361 et
240 1333 354 1361 sema
377 1328 477 1361 vasa
495 1333 721 1379 nunquam
746 1317 800 1362 de
824 1317 1021 1362 dissimili
1044 1317 1282 1379 implentur
1300 1329 1440 1363 mate-

63 1386 242 1442 r'i‘a‚'sed
263 1386 316 1431 de
339 1386 489 1431 eadem
504 1404 551 1432 ac
568 1387 651 1432 sibi
669 1387 818 1443 simili,
837 1397 885 1432 ut
898 1387 987 1432 vini
1004 1387 1123 1435 vino.
1148 1387 1437 1444 mcllismelle,

64 1452 233 1502 et'ac'eti
259 1466 406 1502 aceto:
434 1457 597 1520 quibus
618 1458 651 1502 si
677 1457 899 1502 dissimilia
912 1468 951 1502 et
970 1474 1058 1501 non
1085 1458 1150 1502 sui
1182 1457 1344 1517 generis
1365 1475 1440 1503 su·-

64 1526 318 1590 perfundas,
349 1537 397 1571 ut
423 1527 541 1572 melli
572 1527 645 1581 fel,
676 1538 718 1573 et
742 1545 899 1591 aquam
929 1528 1031 1573 vino
1050 1565 1060 1582 ,
1088 1538 1129 1572 et
1150 1539 1268 1572 aceto
1293 1545 1438 1588 garos,

65 1607 153 1642 n'on
175 1596 358 1659 repletio
390 1597 620 1643 vocabitur
645 1598 762 1653 haec,
789 1597 863 1643 sed
897 1597 1171 1643 adulterium.
1201 1598 1309 1643 Haec
1341 1616 1441 1658 ergo

64 1683 191 1712 causa
211 1676 290 1722 est,
318 1667 433 1712 unde
456 1684 532 1711 nos
555 1684 713 1730 parum
738 1667 976 1729 accipimus
1007 1668 1330 1712 Testamentum
1352 1669 1440 1712 Ve-

72 1747 139 1782 tus
160 1753 172 1781 :
195 1747 236 1781 et
259 1736 362 1798 quia
386 1736 580 1782 Ecclesia
612 1747 775 1792 nostra,
808 1742 965 1799 sponsa
986 1736 1169 1791 Christi,
1208 1737 1446 1800 pauperior

68 1805 245 1871 quidem
268 1805 307 1850 ei
330 1816 487 1869 nupta,
515 1805 587 1851 sed
615 1805 758 1861 diviti,
793 1816 996 1851 contenta
1037 1806 1092 1850 sit
1135 1806 1263 1850 bonis
1303 1807 1448 1851 mariti

69 1876 134 1921 sui
169 1893 180 1920 z
213 1876 448 1921 humilium
486 1887 728 1921 amatorum
771 1876 1031 1935 dedignatur
1053 1892 1173 1938 opes,
1200 1876 1374 1921 sordent
1410 1877 1449 1921 ei

71 1946 336 1991 Testamenti
353 1941 518 1991 Veteris
540 1949 688 2004 et‘ejus
708 1945 895 1990 auctoris
909 1956 1110 2000 munera,
1131 1944 1345 2008 finnaeque
1360 1963 1449 1992 suae

70 2026 213 2061 custos
242 2011 566 2075 diligentissima
590 2015 671 2060 nisi
695 2015 841 2077 sponsi
872 2015 937 2060 sui
964 2032 1052 2060 non
1071 2015 1233 2077 accipit
1264 2016 1440 2064 litteras,

72 2085 222 2130 Vestra
246 2094 345 2130 sane
384 2084 575 2130 Ecclesia
612 2094 791 2147 usurpet
816 2084 1142 2129 Testamentum
1167 2084 1296 2130 Vetus
1312 2122 1322 2140 ‚
1351 2103 1451 2148 quae

74 2165 123 2199 ut
139 2153 300 2201 lasciva
318 2155 440 2214 virgo
457 2155 686 2200 immemor
699 2153 878 2216 pudoris
894 2153 1021 2198 alieni
1034 2153 1116 2200 viri
1138 2165 1179 2199 et
1197 2155 1450 2200 muneribus

71 2222 230 2283 gaudet
253 2234 297 2269 et
313 2224 480 2270 litteris.
508 2226 686 2271 Amator
707 2223 893 2287 denique
916 2223 989 2269 ille
1014 2234 1169 2279 vester,
1187 2234 1229 2268 et
1264 2224 1447 2287 pudoris

75 2304 309 2356 corruptor
326 2294 616 2339 Hebraeorum
643 2294 775 2347 Deus,
802 2293 1036 2356 diptychio
1058 2292 1231 2356 lapideo
1253 2310 1347 2349 suo,
1381 2311 1454 2339 au-

74 2376 173 2408 rum
192 2363 317 2411 vobis
340 2363 562 2427 promittit
577 2373 619 2408 et
640 2374 883 2422 argentum,
910 2363 1073 2410 ventris
1096 2363 1391 2415 saturitatem,
1414 2374 1456 2409 et

72 2442 236 2478 terram
246 2434 654 2479 Chananaeorum.
620 2432 638 2461 1
676 2434 734 2478 Hi
748 2444 822 2479 vos
839 2433 1164 2480 delectaverunt
1182 2443 1269 2478 tam
1293 2432 1457 2478 sordidi

75 2507 287 2566 quaestus,
312 2514 360 2549 ut
386 2504 520 2549 libeat
534 2517 716 2566 peccale
740 2514 839 2566 post
859 2502 1102 2589 Christum,
1130 2513 1177 2548 ut
1198 2502 1286 2549 sitis
1302 2502 1459 2562 ingrati

98 2585 103 2607 ἶ
130 2601 141 2624 ¹
161 2603 257 2634 Deut.
279 2613 350 2643 viu,
366 2614 399 2646 7,
417 2608 449 2636 et
465 2603 567 2638 Exod.
586 2614 686 2647 xxm,
709 2605 759 2636 13.
