1795 3253
297 263 388 307 380
707 278 741 307 s.
785 277 1025 308 Ancrs'rmi
1064 275 1262 305 Eris-com

296 352 458 397 oneret,
482 353 522 387 et
545 341 660 387 Deus
683 352 820 388 vester
844 341 945 388 inde
969 341 1177 395 solvatur,
1206 341 1280 403 qui
1310 351 1517 405 tanquam
1541 360 1676 406 poena

298 413 435 457 senili
471 414 600 458 etiam
628 413 672 458 in
698 413 850 459 codice
881 413 1037 473 ligatus
1072 422 1252 457 tenetur.
1290 411 1399 457 Nam
1437 413 1468 458 si
1500 415 1677 477 possetis

298 483 431 529 libros
455 495 617 529 xestros
646 483 712 529 vel
745 484 919 530 elixatos
943 482 1193 533 comedere,
1227 493 1439 546 quantum
1475 485 1680 531 membris

302 555 377 599 Dei
408 556 535 600 vestri
567 555 829 601 beneficium
857 554 1148 619 praestaretis?
1177 556 1241 599 An
1267 565 1308 599 et
1334 554 1367 599 si
1397 555 1486 600 fieri
1516 567 1674 618 posset,

297 626 438 670 carnis
461 625 738 671 immunditia
767 627 1023 690 prohiberet
1049 625 1225 688 paginas
1251 625 1306 670 ab
1332 625 1470 688 epulis
1499 627 1678 672 vestris?

298 696 490 758 lmputet
515 714 613 756 ergo
638 697 720 742 sibi
746 698 938 742 encausti
968 695 1179 741 munditia
1195 733 1204 745 ,
1233 713 1331 758 quae
1355 696 1474 741 corio
1506 697 1681 743 inhaesit

298 767 468 826 agnino.
502 768 586 813 Sed
610 778 650 813 et
673 768 756 813 lioc,
778 786 851 813 vos
871 768 1044 814 fecistis.
1070 768 1144 830 qui
1172 778 1374 831 tanquam
1405 767 1546 830 primo
1565 768 1681 813 bello

297 850 455 887 x'estm.
494 839 536 884 id
568 839 689 903 quod
726 840 938 885 mundum
974 850 1064 884 erat
1096 839 1141 885 in
1174 838 1357 885 calamo.
1388 839 1682 885 immunditiae

296 911 645 958 membranarum
670 911 901 956 scribendo
922 911 1109 956 affixistis
1131 928 1140 955 :
1161 910 1239 955 nisi
1257 909 1375 973 quod
1397 910 1561 956 colores
1579 927 1681 956 con-

298 982 428 1026 trario
456 982 700 1027 testimonio
722 999 796 1027 vos
816 993 1017 1042 arguunt.
1050 983 1134 1027 Vos
1158 982 1272 1026 enim
1292 981 1436 1045 potius
1457 981 1512 1027 ad
1540 981 1681 1028 lucem

299 1052 585 1098 candidarum
611 1053 869 1116 paginarum
896 1070 997 1099 cum
1023 1052 1212 1098 tenebris
1235 1052 1464 1097 atramenti
1489 1053 1676 1100 venistis.

299 1122 437 1168 Nobis
463 1123 629 1169 debetis
660 1124 784 1170 irasci
813 1123 913 1169 talia
941 1123 1206 1179 dicentibus,
1237 1141 1290 1168 an
1317 1122 1442 1168 vobis
1464 1122 1563 1168 talia
1586 1140 1685 1169 cre·-

301 1191 523 1244 dontibus,
550 1204 598 1238 ut
616 1193 756 1239 velitis
784 1194 931 1240 nolitis
953 1194 1030 1240 ista
1057 1196 1405 1257 consequantur?
1430 1195 1517 1239 Nos
1541 1204 1684 1239 autem

300 1273 340 1307 et
358 1263 411 1309 ad
430 1265 888 1310 commemorationem
909 1264 1008 1310 fidei
1024 1275 1200 1320 nostrae,
1221 1274 1262 1309 et
1278 1263 1330 1309 ad
1347 1263 1684 1310 consolationem

301 1335 389 1396 spei
413 1345 588 1390 nostrae,
617 1345 656 1380 et
676 1334 727 1380 ad
748 1335 1091 1381 exhortationem
1110 1335 1335 1380 charitatis
1354 1345 1529 1390 nostrae,
1550 1334 1686 1380 libros

303 1405 594 1468 l’ropheticos
617 1416 658 1451 et
684 1406 956 1468 Apostolicos
983 1405 1164 1466 legimus
1191 1405 1406 1450 alterutris
1435 1405 1617 1451 vocibus
1632 1406 1686 1450 si-

302 1476 440 1521 bimet
471 1477 773 1530 concinente53
800 1488 841 1522 et
864 1496 910 1522 ea
943 1476 1244 1532 concinentia,
1278 1487 1486 1540 tanquam
1520 1475 1689 1522 coelesti

305 1547 429 1601 tuba,
455 1558 497 1592 et
517 1565 538 1592 a
563 1558 738 1611 torpore
758 1548 950 1594 mortalis
968 1550 1069 1593 vitae
1090 1565 1166 1593 nos
1184 1548 1430 1603 excitantes,
1451 1558 1493 1593 et
1513 1547 1567 1593 ad
1585 1546 1686 1611 pal-

306 1635 421 1663 mam
462 1635 662 1681 supernae
698 1619 940 1665 vocationis
982 1618 1269 1666 extendentes,
1314 1620 1377 1665 De
1415 1618 1539 1664 libris
1572 1619 1687 1664 enim

305 1688 582 1751 Propheticis
599 1689 809 1753 quiddam
831 1708 931 1736 cum
956 1701 1334 1736 commemorasset
1354 1690 1604 1753 Apostolus,
1627 1691 1688 1735 si—

306 1770 381 1804 ‹tut
408 1760 619 1823 scriptum
649 1772 736 1807 est:
756 1783 774 1801 α
795 1762 1052 1826 Opprobria
1080 1762 1438 1825 exprobrantium
1464 1761 1546 1806 tibi
1570 1761 1688 1807 ceci-

307 1850 326 1870 »
353 1829 511 1875 derunt
536 1848 666 1894 super
689 1831 784 1878 mel
803 1850 812 1877 :
834 1854 852 1874 »
868 1833 1076 1878 continuo
1101 1832 1328 1892 subjungit
1363 1832 1592 1879 utilitatem
1614 1831 1688 1878 di-

305 1900 419 1946 vinae
456 1901 716 1948 lectionisz«
736 1904 1041 1967 Quaecumque
1079 1904 1195 1949 enim
1237 1914 1334 1948 ante
1368 1904 1531 1966 scripta
1566 1914 1684 1960 sunt,

308 1992 328 2012 »
354 1971 513 2035 inquit,
545 1984 592 2018 ut
620 1991 696 2019 nos
719 1973 995 2028 doceremur,
1023 1975 1185 2038 scripta
1210 1985 1325 2029 sunt,
1347 1984 1396 2019 ut
1415 1991 1494 2037 per
1514 1974 1690 2038 patien-

309 2067 328 2084 υ
354 2043 458 2088 tiam
475 2054 517 2089 et
534 2044 875 2091 consolationem
890 2046 1218 2109 seripturarum
1234 2063 1354 2109 spem
1374 2045 1614 2091 habeamus
1634 2045 1688 2092 ad

308 2136 327 2155 υ
354 2115 539 2163 Deum2.
568 2139 588 2158 »
609 2116 693 2163 Sed
719 2118 984 2163 contradicit
1013 2119 1212 2164 Faustus.
1246 2118 1338 2164 Fiat
1360 2134 1461 2178 ergo
1481 2117 1545 2163 illi
1570 2117 1689 2181 quod

308 2184 415 2230 dicit
433 2186 595 2232 Paulus
616 2205 627 2232 ε
647 2209 667 2228 «
687 2187 732 2233 Si
750 2189 846 2252 quis
863 2189 988 2234 vobis
1003 2189 1358 2249 evangelizaverit
1379 2199 1538 2252 praeter
1555 2205 1689 2251 quam

309 2280 327 2296 υ
355 2255 474 2319 quod
498 2258 740 2321 accepistis,
764 2259 994 2305 anathema
1018 2260 1116 2307 sit3.
1143 2281 1163 2302 »

357 2348 366 2370 ¹
392 2349 471 2380 Psal.
487 2360 604 2395 uun,
624 2363 672 2383 10.
686 2369 734 2377 -—-
749 2350 764 2374 2
780 2354 871 2384 Rom.
888 2364 940 2392 xv,
962 2360 991 2390 4.
1006 2371 1049 2378 —
1067 2350 1081 2375 ³
1096 2352 1202 2385 Galat.
1224 2364 1245 2390 ι,
1264 2366 1297 2395 9.
