1795 3253
343 314 399 357 (30
771 323 804 352 s.
850 321 1097 352 Aucus'rim
1137 320 1336 353 ENSCOPI

342 388 672 455 responderent,
698 387 806 433 1111111
832 388 959 433 etiam
987 387 1118 432 istum
1141 387 1318 433 omnino
1349 404 1561 452 peccasse.
1599 389 1720 447 Quid
1780 374 1783 446 J

343 464 431 508 ita?
467 460 580 518 Quia
616 459 669 504 de
707 475 794 521 quo
833 458 1044 503 nesciente
1066 494 1075 512 ‚
1118 457 1183 503 vel
1221 457 1410 503 resistere
1439 476 1526 504 non
1554 459 1720 506 valente
1782 459 1783 463 ¹

340 535 567 598 quisquam
583 529 810 594 quidpiam
821 527 920 574 mali
936 527 1100 584 fecerit,
1115 532 1229 588 juste
1241 526 1436 575 damnari
1454 530 1572 576 nullo
1590 531 1718 577 modo
1784 518 1785 523 Ἰ

345 613 494 669 potest.
527 606 668 665 Atque
688 600 876 663 idipsum
902 599 1053 644 curita
1077 609 1182 644 essct
1199 635 1209 646 .
1237 599 1270 643 si
1292 599 1335 643 in
1359 599 1442 645 illis
1466 599 1720 647 hominihus
1786 591 1787 614 ³

342 686 540 722 naturam
554 673 689 737 ipsam
706 680 985 735 percontarer
1012 669 1247 714 humanam
1268 706 1278 722 ,
1301 669 1427 716 facile
1449 672 1715 734 pervenirem

343 750 396 796 ad
418 749 460 797 id
480 746 598 812 quod
625 760 852 809 cuperem,
880 743 962 788 isto
986 741 1116 787 modo
1143 757 1340 805 quaerens
1368 761 1378 789 :
1403 744 1521 801 Quid
1547 745 1581 790 si
1611 744 1718 792 dor-

340 824 474 870 miens
493 822 561 868 ille
578 825 668 881 jam
704 819 862 865 sciret.
901 815 1006 880 quid
1033 814 1147 860 aliud
1165 814 1218 859 de
1246 833 1380 863 manu
1407 822 1497 878 ejus
1523 817 1718 865 facturus

341 904 443 940 osset
467 931 476 950 ‚
500 904 541 937 et
565 892 618 937 de
643 889 882 944 industria,
910 886 1009 950 plus
1030 886 1174 948 potius
1194 886 1323 932 etiam
1341 905 1393 933 ne
1410 889 1718 952 expergiscere-

340 977 426 1021 tur,
455 982 496 1009 se
521 979 669 1009 somno
693 960 894 1013 dederet,
921 967 967 1002 ut
987 956 1374 1019 aliquemjurando
1393 958 1583 1016 falleret,
1610 978 1716 1007 num

338 1038 374 1083 ei
403 1035 640 1100 quidquam
663 1047 835 1078 somnus
857 1028 909 1074 ad
930 1028 1221 1073 innocentiam
1243 1029 1573 1089 suffragaretur?
1596 1031 1716 1088 Quid

343 1107 459 1152 aliud
487 1122 618 1168 quam
644 1111 869 1149 nocentem
908 1099 1130 1144 hominem
1168 1101 1501 1162 pronuntiaret?
1527 1101 1658 1158 Quod
1683 1095 1716 1148 si

339 1189 380 1224 et
404 1179 475 1224 ille
502 1176 648 1223 volens
671 1174 842 1219 vinctus
877 1181 963 1219 est.
993 1180 1040 1215 ut
1071 1170 1258 1233 aliquem
1288 1172 1481 1217 similiter
1503 1183 1716 1236 praetenta

339 1247 582 1295 defensione
603 1245 820 1308 deciperet
834 1280 843 1293 ,
865 1240 973 1305 quid
992 1241 1029 1286 ei
1054 1241 1227 1286 tandem
1244 1280 1253 1289 .
1284 1252 1331 1287 ut
1353 1252 1534 1305 peccato
1554 1254 1711 1301 careat,

339 1320 411 1368 illa
438 1317 614 1366 vincula
644 1315 936 1379 profuerunt?
963 1312 1229 1376 Quanquam
1253 1313 1322 1358 his
1346 1314 1579 1360 obstrictus
1604 1352 1614 1371 ‚
1643 1332 1714 1360 re·-

337 1408 436 1438 vera
456 1390 646 1436 resistere
671 1403 758 1431 non
771 1384 956 1436 valeret3
979 1383 1092 1428 sicut
1115 1382 1187 1428 ille
1207 1383 1423 1430 dormiens
1441 1422 1452 1440 ‚
1480 1385 1587 1448 quid
1610 1395 1714 1432 tunc

337 1464 478 1517 fleret,
498 1460 673 1506 omnino
687 1455 882 1502 nesciret.
914 1453 1243 1516 Numquidnam
1267 1455 1400 1514 igitur
1419 1455 1712 1503 dubitandum

338 1544 396 1579 est
417 1571 427 1584 ,
453 1532 559 1597 quin
580 1544 776 1594 peccasse
803 1525 931 1571 ambo
952 1523 1287 1583 judicarentur?
1309 1526 1483 1583 Quibus
1503 1527 1713 1574 concessis

336 1604 578 1663 colligerem
597 1638 607 1656 ,
633 1612 847 1661 nusquam
869 1594 1031 1640 scilicet
1049 1593 1129 1639 nisi
1149 1595 1193 1639 in
1212 1595 1433 1642 voluntate
1449 1615 1535 1643 esse
1553 1611 1713 1661 pecca-

340 1687 429 1721 tum
448 1674 465 1703 '¹
491 1691 502 1719 ε
529 1687 628 1717 cum
647 1668 757 1714 mihi
776 1665 1052 1712 auxiliaretur
1080 1664 1207 1710 etiam
1236 1665 1345 1712 illud
1366 1704 1376 1721 ‚
1405 1667 1524 1730 quod
1543 1669 1711 1728 justitia

337 1754 564 1811 peccantes
579 1750 691 1786 tenet
715 1738 801 1784 sola
815 1736 927 1782 mala
948 1734 1188 1792 voluntate,
1211 1738 1410 1800 quamvis
1424 1739 1542 1801 quod
1559 1739 1711 1786 volue*

335 1819 422 1863 rint
450 1813 628 1878 implere
653 1808 939 1874 nequiverint.
1089 1809 1099 1817 ‘

400 1888 525 1933 Xlll,
554 1884 879 1946 Quisquam-ne
906 1894 974 1922 me
1000 1878 1080 1923 ista
1099 1887 1354 1924 tractantem
1380 1891 1521 1943 posset
1545 1880 1706 1939 dicere,

334 1961 378 2005 in
401 1958 528 2004 rebus
552 1953 746 2001 obscuris
764 1950 1009 2011 abditisque
1031 1950 1216 2003 versari,
1244 1950 1320 1995 ubi
1346 1963 1526 2015 propter
1544 1952 1710 1999 intelli-

334 2029 526 2090 gentium
551 2024 812 2090 paucitatem
836 2019 904 2066 vel
924 2018 1090 2064 fraudis
1117 2018 1184 2064 vel
1203 2022 1498 2068 ostentationis
1520 2024 1709 2086 suspicio

334 2100 451 2145 nasci
469 2097 603 2144 solet?
629 2093 809 2140 Secedat
829 2089 1052 2155 paulisper
1071 2089 1144 2135 illa
1163 2090 1503 2150 intelligibilium
1522 2094 1709 2141 sensibia

335 2171 527 2232 liumque
549 2166 770 2213 distinctio
802 2179 812 2207 :
842 2161 960 2207 nulla
987 2161 1095 2206 mihi
1115 2161 1190 2206 siat
1209 2159 1372 2208 invidia
1391 2200 1401 2219 ,
1425 2164 1545 2227 quod
1565 2165 1708 2212 tardas

335 2241 497 2287 animas
514 2236 741 2283 subtilium
759 2232 1103 2296 disputationum
1128 2232 1311 2278 stimulis
1337 2250 1584 2298 persequor.
1627 2237 1707 2282 Li-

333 2320 426 2356 ceat
439 2308 545 2354 milii
562 2323 627 2352 me
639 2305 745 2350 scire
762 2303 921 2351 vivere,
941 2302 1065 2347 liceat
1079 2302 1187 2347 inihi
1206 2303 1313 2348 scire
1329 2318 1395 2349 me
1407 2305 1514 2350 velle
1531 2306 1701 2352 vivere:

332 2383 376 2428 in
399 2395 496 2444 quae
516 2379 549 2424 si
570 2375 779 2423 consentit
805 2389 937 2433 genus
971 2372 1215 2418 humanum
1230 2410 1241 2429 ,
1280 2385 1365 2419 tam
1385 2374 1512 2421 nobis
1533 2376 1706 2438 cognita

330 2463 392 2498 est
416 2450 615 2498 voluntas
638 2457 805 2500 nostra,
829 2461 960 2508 quam
987 2445 1089 2490 vita.
1122 2446 1270 2509 Neque
1288 2462 1388 2491 cum
1413 2445 1536 2493 istam
1562 2449 1706 2496 scien-

332 2524 435 2569 tiam
461 2521 736 2585 prositemur,
757 2514 1035 2562 metuendum
1054 2526 1115 2561 est
1133 2553 1144 2572 ,
1171 2533 1225 2561 ne
1253 2530 1329 2562 nos
1362 2518 1594 2582 quisquam
1613 2517 1704 2566 falli

330 2610 453 2660 posse
473 2591 706 2638 convineat
727 2606 738 2634 ι
760 2588 845 2634 hoc
861 2588 1003 2650 ipsum
1019 2587 1132 2633 enim
1149 2586 1241 2634 falli
1261 2600 1386 2635 nemo
1402 2600 1560 2652 potest,
1579 2585 1613 2637 si
1628 2600 1703 2637 aut

379 2677 389 2699 ¹
414 2687 424 2707 ι
449 2676 539 2709 Retr.
557 2682 609 2707 xv.
