1795 3253
95 310 272 342 CONTRA
305 309 574 341 ADIMANTUM
609 307 844 341 MANICHAEI
880 304 1099 342 DISCIPUL.
1142 311 1229 342 LIB.
1271 311 1302 343 Ι.
1383 311 1467 358 127

95 399 116 420 «
136 376 265 422 Zelus
283 375 437 422 domus
454 386 542 421 tuae
562 373 856 421 comeditmo1
874 377 892 419 Ρ
913 396 933 416 »
953 375 1120 421 Rursus
1141 376 1185 421 in
1203 376 1353 423 Vetere
1370 394 1470 423 cum

94 447 243 508 legunt
263 464 274 492 ε
303 467 323 487 α
342 450 489 492 Justus
507 446 742 502 Dominus,
760 455 801 490 et
815 445 1003 504 justitias
1023 446 1169 492 dilexit
1188 485 1198 504 ,
1223 448 1472 511 aequitatem

96 539 117 560 >³
137 517 249 564 vidit
264 517 410 563 vultus
435 517 550 576 ejus2
575 535 585 562 :
611 534 789 562 »nonne
812 515 1069 562 fatebuntur
1085 518 1213 563 ctiam
1239 518 1325 563 hoc
1343 519 1473 564 modo

96 588 307 651 imperitis
334 587 422 633 duo
449 589 723 633 Testamenta
749 585 887 633 videri
921 604 1042 650 posse
1077 588 1291 633 contraria
1308 625 1318 642 ‚
1359 598 1408 633 ut
1429 589 1476 635 in

98 658 223 704 Novo
239 658 510 705 inveniamus
522 658 661 703 zelum
676 657 774 713 Dei,
787 657 832 702 in
845 656 996 703 Vetere
1009 657 1222 717 justitiam
1242 658 1349 702 Dei?
1368 658 1478 704 bene

100 738 242 774 autem
260 728 601 787 intelligentibus
625 738 859 790 utrumque
884 726 929 772 in
955 738 1140 792 utroque
1165 740 1321 788 magna
1344 730 1482 774 sancti

101 799 290 862 Spiritus
316 799 480 845 unitate
500 809 542 844 et
562 815 669 862 pace
689 799 944 844 concinere?

99 973 646 987 ΜΜΜΜΜςΜιΆἉΊ-ιιι
651 972 1411 986 ιἋΊΜΩΜἏὮΜΜΜΜἋἏνΜἏΜ
1424 974 1481 986 m

647 1077 824 1120 CAPUT
855 1077 951 1122 XII.

169 1212 236 1258 DE
259 1229 309 1258 eo
334 1211 451 1276 quod
495 1211 709 1275 scriptum
748 1223 810 1258 est
829 1249 840 1268 ‚
881 1222 971 1258 non
1010 1230 1095 1259 esse
1129 1214 1487 1264 manducandum

105 1284 376 1344 sanguinem,
395 1283 515 1348 quod
535 1284 678 1329 anima
703 1284 757 1329 sit
780 1284 922 1330 carnis
949 1284 1154 1345 sanguis?
1180 1282 1296 1332 Huic
1316 1298 1489 1332 senten-

106 1356 178 1401 tiae
201 1355 354 1402 veteris
374 1355 498 1414 Legis
531 1354 768 1400 Manichaei
794 1371 842 1399 ex
866 1355 1101 1415 Evangelio
1123 1350 1233 1402 illud
1257 1369 1490 1422 opponunt

107 1425 227 1489 quod
251 1426 465 1471 Dominus
493 1425 627 1481 dicit,
655 1443 742 1470 non
763 1442 849 1470 esse
872 1426 1081 1472 timendos
1100 1444 1168 1473 eos
1188 1429 1264 1491 qui
1283 1428 1491 1474 occidunt

108 1513 289 1560 corpus,
314 1496 470 1541 animae
494 1506 636 1541 autem
662 1513 817 1541 nocere
838 1513 926 1541 non
943 1496 1145 1559 possunt⁵
1168 1515 1179 1543 ε
1202 1509 1242 1543 et
1263 1498 1493 1561 disputant

108 1566 299 1612 dicentes
321 1584 331 1611 z
360 1567 405 1611 Si
424 1567 596 1626 sanguis
614 1566 757 1611 anima
777 1577 836 1611 est
858 1604 868 1623 ,
891 1567 1112 1630 quomodo
1134 1568 1332 1613 homines
1352 1579 1495 1632 potcs-

108 1649 239 1684 tatem
263 1639 310 1683 in
337 1655 429 1683 earn
464 1655 553 1682 non
583 1637 749 1683 habent
769 1675 779 1693 ‚
814 1655 913 1684 cuin
948 1639 1001 1684 de
1034 1641 1239 1695 sangnine
1264 1640 1402 1681 multa
1426 1640 1495 1682 fa—

109 1710 227 1754 ciant
245 1746 255 1763 ‚
285 1709 372 1752 sive
395 1709 654 1769 excipientes
673 1718 714 1749 ct
733 1706 916 1751 canibus
937 1706 1278 1770 volucribusque
1292 1708 1337 1752 in
1354 1725 1494 1753 escum

108 1787 426 1842 proponentes,
455 1777 541 1822 sive
565 1776 831 1822 effundentes
845 1814 855 1833 ‚
879 1787 1094 1823 autcoeno
1116 1777 1295 1841 lutoque
1315 1778 1497 1824 miscen-

115 1852 204 1894 tes?
228 1848 336 1893 Haec
353 1847 466 1892 enim
488 1857 530 1891 et
548 1846 630 1891 alia
661 1847 997 1893 innumerabilia
1020 1848 1109 1893 sine
1133 1847 1387 1894 difficultate
1408 1849 1497 1894 ho-

116 1920 252 1966 mines
269 1918 323 1964 de
343 1918 547 1978 sanguine
576 1928 757 1980 possunt
781 1917 935 1964 facere.
976 1917 1080 1963 Ideo
1106 1919 1175 1964 isti
1199 1930 1404 1982 quaerunt
1427 1921 1501 1965 in-

119 1984 352 2045 sultantes,
392 1988 644 2052 quomodo,
682 1989 716 2033 si
749 1989 918 2048 sanguis
953 1999 1013 2033 est
1053 1990 1219 2045 anima,
1254 2008 1342 2035 non
1367 1991 1502 2054 possit

120 2060 310 2106 hominis
332 2059 582 2105 interfector
609 2075 762 2104 nocere
796 2059 950 2104 animae
968 2096 978 2112 ,
1006 2075 1107 2104 cum
1144 2070 1310 2106 tantam
1338 2061 1383 2106 in
1409 2065 1501 2121 ejus

121 2130 373 2191 sanguinem
405 2130 569 2175 habeat
602 2139 875 2192 potestatem.
921 2128 1103 2174 Addunt
1139 2131 1266 2175 etiam
1291 2130 1410 2194 quod
1444 2133 1504 2177 ait

124 2201 343 2265 apostolus
373 2199 568 2246 Paulus:
611 2199 769 2255 «Quia
800 2216 900 2245 caro
932 2209 973 2244 et
1005 2200 1174 2260 sanguis
1210 2218 1390 2260 regnum
1427 2201 1507 2246 Dei

124 2293 145 2314 »
164 2290 250 2318 non
275 2269 605 2335 possidebunt&
632 2292 651 2310 ³>
678 2271 733 2314 Et
758 2269 915 2316 dicunt
942 2288 952 2314 :
983 2269 1027 2315 Si
1057 2271 1227 2331 sanguis
1251 2282 1312 2316 est
1336 2273 1504 2329 anima,

125 2343 237 2388 sicut
259 2344 428 2405 Moyses
451 2341 560 2386 dicit
580 2378 589 2395 ‚
610 2339 731 2385 nulla
753 2340 997 2386 invenietur
1021 2341 1163 2386 anima
1180 2358 1305 2404 posse
1322 2359 1502 2401 regnum

125 2413 208 2459 Dei
230 2411 430 2476 adipisci.
456 2411 541 2456 Cui
561 2410 790 2456 calumniae
811 2411 953 2473 primo
969 2411 1029 2456 ita
1047 2410 1402 2474 respondendum
1420 2423 1499 2468 est,

127 2487 178 2529 ut
193 2483 277 2547 ipsi
293 2492 504 2543 cogantur
521 2480 743 2527 ostendere
759 2481 839 2527 ubi
853 2482 1066 2545 scriptum
1081 2482 1134 2527 sit
1148 2481 1192 2527 in
1208 2480 1333 2528 libris
1349 2482 1511 2529 Veteris

176 2575 187 2605 ¹
206 2584 291 2614 Joan
321 2593 361 2621 11,
382 2580 507 2622 17.—2
520 2581 600 2613 Psal.
616 2591 732 2621 mun,
755 2591 805 2621 ιο,
822 2586 854 2613 et
867 2591 898 2622 x,
915 2583 994 2615 8.-
1011 2578 1025 2605 3
1040 2583 1137 2615 Deut.
1154 2582 1289 2621 x11‚23.
1302 2599 1346 2607 —
1361 2579 1375 2605 ⁴
1391 2581 1511 2618 Matth.

129 2641 162 2677 x,
185 2635 238 2670 18.
255 2632 330 2661 ——5
352 2644 365 2667 ι
385 2634 462 2670 Cor.
481 2645 534 2675 xv,
554 2635 609 2666 50.
