1795 3253
271 252 362 308 40ss
670 264 705 294 s.
750 262 990 294 ΑυουεΤιΝι
1028 265 1245 298 ΕΡιεεοΡι.

270 354 289 372 »
314 341 436 395 parte
455 339 533 383 est,
563 328 803 374 auferetur¹
831 346 881 373 ε»
898 341 956 383 et,
984 351 1003 371 α
1031 330 1235 376 Videmus
1256 347 1373 378 nunc
1390 348 1469 396 per
1495 347 1647 395 specu-

269 424 288 442 »
315 402 404 447 lum
435 400 479 444 in
505 399 758 458 zrnignnate,
792 409 895 445 tunc
932 411 1073 446 autem
1094 399 1201 446 facio
1219 402 1274 448 ad
1303 402 1523 449 faeiem2?
1546 423 1566 444 >2
1588 402 1648 448 Ut

269 472 433 518 scilicet
455 469 677 533 apostolus
696 470 859 516 Paulus
881 488 926 516 ex
949 482 1067 534 parte
1087 472 1247 528 scierit,
1275 484 1379 519 etex
1398 483 1520 537 parte
1547 489 1649 536 pro-

272 544 424 606 phetas
436 542 515 586 erit
533 578 542 596 ‚
571 558 648 604 per
684 541 912 604 speculum
937 552 978 586 et
1002 542 1046 587 in
1072 543 1300 603 {enigmate
1328 543 1505 598 videns,
1531 541 1652 607 quod

274 624 411 659 totum
450 611 732 657 auferendum
757 622 818 656 est
849 613 1044 658 veniente
1073 614 1347 671 Manicliaeo,
1376 625 1419 660 et
1454 614 1653 660 afferente

269 686 389 751 quod
412 684 656 749 perfectum
677 695 756 741 est,
780 685 858 731 ubi
878 685 986 731 facie
1007 686 1059 731 ad
1080 685 1232 732 faeiem
1256 688 1414 734 veritas
1435 687 1648 734 videatur.

272 759 311 804 O
347 756 533 812 lasciva,
575 754 835 812 immunda,
875 756 964 801 sinc
998 756 1164 813 fronte,
1201 757 1349 804 adhuc
1379 758 1457 804 ista
1491 756 1652 817 garris.

271 828 419 874 adhue
440 827 582 890 pascis
600 836 768 883 ventos,
796 826 943 873 adhuc
971 828 1242 890 amplecteris
1262 828 1377 875 idola
1393 827 1537 875 cordis
1561 826 1652 873 tui!

275 902 408 945 lta-ne
431 908 476 943 tu
492 897 599 943 facie
626 897 679 942 ad
699 896 855 943 faciem
875 898 1021 943 vidisti
1044 909 1291 958 regnantem
1317 917 1457 961 regem
1480 897 1660 962 sceptri-

272 987 421 1031 gerum
439 1007 449 1022 ‚
479 968 621 1013 ssoreis
645 969 820 1014 coronis
856 969 1051 1014 cinctum
1070 1007 1080 1025 ‚
1104 980 1146 1015 et
1174 970 1355 1016 deorum
1391 970 1560 1030 agmina
1578 1006 1588 1024 ‚
1619 978 1662 1013 et

273 1039 664 1104 splenditenentem
702 1056 936 1100 magnum,
972 1057 1038 1085 sex
1075 1039 1222 1086 vultus
1252 1051 1294 1086 et
1329 1058 1404 1086 ora
1435 1039 1659 1094 ferentem,

277 1111 599 1173 micantemque
626 1110 820 1156 lumine:
841 1122 883 1156 ct
908 1111 1091 1157 alterum
1123 1128 1264 1172 regem
1291 1111 1488 1167 honoris,
1515 1111 1664 1170 Ange-

282 1182 425 1228 lorum
455 1180 715 1226 exercitibus
745 1182 1069 1228 cireumdatum
1089 1203 1099 1236 ;
1122 1193 1163 1227 et
1186 1182 1368 1227 alterum
1392 1181 1667 1226 adamantem

284 1255 399 1299 hero
394 1270 462 1297 ιιιι
493 1252 626 1311 bellig
613 1270 780 1308 erum,
808 1253 939 1297 dtxtx
934 1272 955 1298 ι
978 1254 1145 1299 hastam
1169 1264 1414 1309 tenentem,
1439 1263 1481 1297 et
1499 1252 1669 1297 sinistra

282 1328 347 1387 cl)
360 1340 511 1387 peum3
535 1333 576 1367 et
595 1322 779 1368 alterum
801 1322 1035 1383 gloriosum
1052 1341 1193 1384 regem
1212 1335 1296 1368 tres
1313 1333 1430 1368 rotas
1445 1321 1670 1385 impellen-

285 1406 387 1450 tem,
415 1393 545 1452 ignis,
571 1410 714 1457 aquae,
743 1403 785 1438 et
807 1393 942 1449 senti,
970 1404 1011 1439 et
1035 1394 1270 1439 maximum
1296 1393 1512 1438 Atlantem
1538 1409 1672 1437 mun-

287 1464 393 1510 dum
416 1463 624 1509 ferentem
651 1463 864 1519 humeris,
895 1481 993 1509 eum
1013 1481 1123 1524 genu
1148 1465 1230 1509 fixo
1255 1463 1452 1509 brachiis
1470 1462 1673 1526 utrinque

288 1553 409 1582 secus
427 1534 716 1580 fulcientem?
740 1535 848 1580 Haec
876 1545 918 1580 et
942 1535 1024 1580 alia
1048 1535 1166 1580 mille
1189 1545 1390 1599 portenta
1417 1544 1461 1580 tu
1484 1533 1593 1579 facie
1619 1531 1674 1579 ad

290 1609 443 1655 faeiem
475 1607 639 1664 vidisti,
664 1625 718 1653 an
744 1606 842 1653 haec
873 1607 953 1653 tibi
980 1607 1182 1653 doctrina
1206 1607 1526 1653 daemoniorum
1550 1623 1676 1652 men-

293 1679 627 1742 daciloquorum
651 1696 730 1742 per
750 1695 824 1724 ora
846 1678 1132 1743 deceptorum
1152 1689 1316 1734 cantat,
1343 1689 1386 1723 et
1408 1678 1576 1724 nescis?
1600 1677 1678 1723 Vae

293 1751 375 1796 tibi
396 1749 538 1796 infelix
563 1767 573 1794 :
599 1766 700 1795 ecce
722 1749 885 1813 quibus
906 1749 1224 1812 phantasmatis
1244 1749 1559 1812 constupraris,
1581 1765 1680 1794 ecce

294 1838 401 1885 quas
420 1820 630 1866 vanitates
656 1837 738 1883 pro
765 1820 942 1865 veritate
964 1820 1124 1866 lambis
1143 1838 1153 1865 :
1175 1831 1216 1865 et
1236 1820 1492 1882 serpentinis
1510 1819 1681 1883 poculis

294 1892 433 1948 ebria,
474 1890 527 1936 de
562 1890 795 1954 diptychio
828 1890 1003 1955 lapideo
1045 1890 1175 1936 audes
1210 1891 1419 1936 insultare
1452 1890 1682 1936 matronali

298 1961 574 2008 verecundiae
598 1963 796 2022 conjugis
817 1962 933 2007 unici
951 1961 1031 2007 filii
1049 1961 1127 2006 Dei
1149 1979 1160 2006 ι
1182 1961 1284 2024 quia
1300 1960 1373 2006 illa
1387 1964 1477 2020 jam
1494 1978 1581 2006 non
1600 1961 1683 2007 sub

302 2033 561 2098 praedagogo
597 2034 721 2092 Legis
735 2071 744 2089 ‚
785 2032 859 2078 sed
892 2033 975 2078 suh
1012 2031 1257 2092 magisterio
1291 2031 1442 2091 gratiae
1456 2068 1466 2088 ,
1500 2048 1578 2077 nee
1609 2049 1685 2077 su-

300 2105 437 2169 perba
458 2104 683 2168 operibus,
707 2121 786 2149 nec
810 2103 949 2149 fracta
977 2103 1231 2159 terroribus,
1252 2101 1361 2148 vivit
1380 2119 1428 2148 ex
1448 2101 1534 2147 fide
1552 2112 1593 2148 et
1611 2119 1686 2166 spe

301 2187 343 2221 et
363 2176 594 2231 charitate,
626 2174 740 2221 facta
766 2174 919 2231 Israel,
949 2175 995 2220 in
1024 2191 1113 2238 quo
1138 2173 1266 2220 dolus
1289 2189 1378 2219 non
1406 2172 1513 2229 est3,
1538 2183 1579 2218 et
1605 2190 1687 2219 au-

306 2246 426 2292 diens
445 2245 566 2309 quod
588 2245 651 2291 ibi
673 2245 886 2308 scriptum
908 2256 970 2291 est
993 2263 1003 2290 z
1027 2266 1046 2286 «
1067 2244 1280 2290 Dominus
1300 2244 1414 2289 Deus
1433 2253 1552 2300 tuus,
1573 2243 1689 2290 Deus

306 2341 325 2359 »
353 2334 465 2363 unus
491 2315 583 2362 est4
607 2334 617 2362 :
643 2339 662 2358 »
681 2316 801 2380 quod
821 2327 869 2362 tu
890 2334 978 2362 non
998 2316 1194 2372 audiens,
1214 2315 1257 2361 in
1276 2325 1366 2360 tam
1384 2314 1546 2360 multos
1565 2314 1690 2360 fictos

310 2388 413 2434 deos
435 2387 766 2434 fornicationem
792 2398 911 2433 tuam
936 2386 1163 2434 diffudisti.

370 2459 468 2506 Vll.
500 2457 735 2516 Quomodo
763 2476 850 2504 non
875 2458 959 2503 sint
979 2458 1062 2504 tibi
1087 2457 1278 2503 inimieae
1302 2455 1390 2502 illae
1417 2453 1621 2512 Tabulae,
1642 2454 1689 2501 in

305 2529 467 2594 quibus
485 2528 729 2577 secundum
761 2540 1035 2594 praeceptum
1052 2539 1141 2575 est:
1175 2549 1196 2570 «
1215 2528 1315 2574 Non
1337 2525 1524 2591 accipies
1545 2525 1597 2577 in,
1610 2542 1691 2573 va-

361 2619 371 2642 ¹
391 2631 404 2652 1
429 2622 507 2653 Cor.
526 2630 706 2661 x111,9.—
719 2617 735 2641 2
749 2618 833 2651 lhid.
851 2629 906 2651 12.
923 2636 964 2643 —
979 2614 993 2640 ³
1007 2620 1102 2652 Joan.
1121 2629 1145 2658 1,
1163 2618 1277 2656 45.—
1292 2613 1307 2641 ⁴
1320 2619 1419 2652 Dent.
1437 2625 1485 2659 vx,
1506 2619 1538 2650 4.
