1795 3253
311 255 403 301 260
737 263 771 294 S.
814 262 1057 294 Ancusrlm
1093 262 1298 294 EPISCOPI

308 352 382 383 vos
414 330 581 397 pigebit
609 327 739 374 fidem
772 339 956 375 vestram
984 329 1131 375 fucare
1166 329 1418 387 mendaciis,
1445 330 1622 395 quando
1645 343 1687 378 et

306 406 500 469 primum
520 399 742 448 hominem
761 410 967 456 vestrum,
992 417 1092 445 cum
1112 399 1197 444 suis
1216 399 1415 447 hostibus
1434 402 1478 447 in
1502 420 1590 448 suae
1611 421 1686 448 na-

307 488 416 522 turte
452 473 633 519 veritate
668 470 973 525 manentibus,
1015 469 1217 515 mutabili
1257 469 1426 517 fallacia
1461 472 1687 519 dimicasse

305 543 577 611 ·praedicatis;
597 551 639 586 et
659 540 802 603 ipsum
818 540 1041 585 Christum
1056 541 1132 603 qui
1153 539 1260 585 dicit
1278 559 1288 585 ε
1311 562 1330 582 «
1358 543 1445 602 Ego
1468 560 1560 589 sum
1580 543 1687 589 veri-

305 613 682 678 ›>t;1s‘1‚»specic111
705 612 862 666 carnis,
881 622 1061 657 mortem
1083 611 1250 667 erucis,
1269 611 1446 658 vulnera
1458 614 1683 677 passionis,

302 689 524 735 cicatrices
544 683 868 730 resurrectionis
883 720 893 733 ,
919 683 1146 728 mentitum
1165 699 1250 727 esse
1267 684 1481 730 suadetis?
1499 685 1688 731 Proinde

302 778 376 806 vos
396 759 573 804 Christo
593 765 732 801 vestro
773 755 978 817 anteponi
1013 754 1163 800 vultis.
1209 754 1241 799 si
1266 754 1339 800 illo
1365 757 1595 801 mentiente
1613 775 1687 802 vos

301 829 566 877 annuntiatis
580 826 875 872 ve1·itat01n.Si
907 836 1046 870 autem
1079 825 1305 871 Christum
1330 837 1516 872 vestrum
1537 829 1685 873 sectari

298 903 447 955 vultis,
469 900 565 964 quis
592 916 678 943 non
704 898 746 941 in
768 897 888 942 vobis
913 907 1061 941 caveat
1080 896 1327 952 falsitatem,
1353 908 1398 942 ut
1419 898 1460 942 in
1488 898 1554 943 his
1575 916 1683 961 qno-

298 993 382 1040 que
400 970 632 1026 mandatis,
655 985 753 1032 quae
767 985 841 1012 vos
855 967 1034 1030 implere
1053 967 1216 1023 dicitis,
1231 985 1316 1013 non
1335 970 1388 1014 sit
1408 970 1487 1014 nisi
1506 969 1590 1017 sola
1606 970 1683 1015 fal-

298 1046 440 1091 lacia')
465 1041 643 1103 Quippe
668 1055 767 1083 cum
790 1054 917 1083 ausus
948 1039 1001 1083 sit
1024 1040 1207 1084 Faustus
1225 1038 1384 1093 dicere,
1414 1039 1532 1102 quod
1560 1058 1616 1085 a‘s
1642 1041 1684 1085 in

298 1117 417 1162 zonis
440 1131 524 1159 non
547 1111 753 1175 porteti53
787 1110 863 1154 nisi
890 1108 999 1153 sorte
1022 1109 1118 1154 ideo
1144 1127 1292 1154 verum
1313 1110 1437 1157 dixit.
1464 1112 1565 1174 quia
1601 1130 1685 1156 non
1750 1128 1756 1133 ·

298 1187 412 1233 insin
435 1183 551 1229 zonis
571 1219 580 1237 ,
612 1180 685 1225 sed
705 1191 746 1224 ct
765 1196 920 1224 aurum
940 1180 984 1224 in
1007 1179 1173 1224 arcellis
1189 1191 1229 1225 et
1254 1180 1295 1224 in
1311 1182 1494 1226 sacculis
1516 1181 1686 1226 habea-

297 1258 382 1304 tis:
412 1272 491 1302 nec
512 1250 931 1316 reprchendercntur
958 1251 1034 1295 ista
1061 1251 1107 1295 in
1137 1251 1286 1306 vohis,
1311 1252 1391 1296 nisi
1418 1253 1518 1315 quia
1544 1254 1684 1315 proli—

301 1327 448 1374 temini
471 1323 607 1377 aliud,
633 1332 674 1366 et
699 1320 821 1366 aliter
856 1320 1018 1366 Yivitis.
1053 1320 1213 1366 Adhuc
1250 1322 1296 1366 in
1332 1323 1460 1367 rebus
1485 1323 1689 1369 humanis

299 1411 361 1446 est
386 1398 456 1444 ille
474 1393 755 1441 Constantius
772 1429 782 1447 ,
824 1390 956 1436 modo
981 1394 1073 1450 jam
1099 1391 1231 1437 frater
1274 1403 1417 1437 noster
1445 1394 1690 1440 catholicus

305 1469 596 1519 Christianus,
614 1465 689 1528 qui
722 1462 880 1507 multos
907 1472 1101 1507 vestrum
1122 1463 1276 1508 Romae
1295 1464 1341 1508 in
1362 1463 1539 1510 domum
1567 1483 1689 1510 suam

301 1547 654 1599 congregaverat,
705 1543 885 1597 propter
911 1532 1135 1596 implenda
1169 1545 1390 1597 prfecepta
1431 1536 1686 1589 Manicheei,

305 1613 406 1658 satis
429 1608 605 1673 quidem
632 1623 742 1651 vana
769 1615 810 1649 ct
832 1604 1005 1667 inepta,
1032 1603 1101 1649 scd
1125 1614 1267 1649 tamen
1287 1622 1387 1668 ques
1407 1623 1561 1665 magna
1581 1607 1691 1651 exis-

305 1681 492 1728 timatis:
517 1677 678 1740 quibus
696 1692 796 1720 cum
818 1674 1199 1719 x·est1·ai11fir1nitas
1222 1675 1407 1729 cederet,
1424 1675 1603 1739 dispersi
1623 1694 1690 1722 es-

304 1754 358 1800 tis
376 1751 559 1816 quisque
586 1748 631 1792 in
654 1746 770 1792 viam
795 1762 930 1791 suam.
961 1745 1086 1790 Unde
1106 1745 1169 1790 illi
1187 1746 1263 1808 qui
1286 1746 1329 1790 in
1361 1747 1418 1791 eis
1454 1746 1692 1810 perdurare

303 1825 553 1872 voluerunt„
570 1838 592 1864 a
612 1828 751 1863 vestra
775 1817 975 1862 societate
999 1816 1186 1862 schisma
1211 1816 1434 1863 fecerunt:
1460 1829 1500 1863 et
1517 1820 1618 1881 quia
1647 1819 1692 1864 in

308 1895 453 1943 mattis
478 1890 725 1945 dormiunt,
761 1888 951 1933 Mattarii
989 1887 1267 1950 appellantur
1289 1906 1299 1933 :
1329 1907 1352 1934 a
1374 1906 1561 1952 quorum
1587 1901 1693 1936 stra-

311 1968 361 2013 tis
374 1967 499 2024 longe
519 1959 743 2008 dissimiles
762 1958 937 2004 fuerunt
955 1957 1121 2020 plumae
1141 1959 1305 2007 Fausti,
1333 1970 1374 2004 et
1397 1959 1589 2023 caprinae
1624 1960 1694 2006 lo-

310 2039 427 2085 dices
448 2073 459 2091 ,
493 2051 578 2097 qua
618 2031 872 2077 deliciarum
912 2029 1136 2075 affluentia
1158 2047 1244 2075 non
1284 2029 1424 2075 solum
1469 2032 1696 2077 Matmrios

310 2106 577 2159 fastidiebat,
604 2102 676 2148 sed
701 2101 832 2147 etiam
856 2100 1035 2146 domum
1064 2100 1198 2163 patris
1223 2101 1288 2147 sui
1313 2101 1502 2147 hominis
1522 2120 1696 2166 paupe-

312 2181 370 2226 ris
401 2173 655 2223 Milevitani.
688 2173 863 2219 Auferte
898 2189 997 2231 ergo
1034 2171 1250 2235 perditam
1285 2171 1620 2229 simulationem,
1663 2175 1697 2219 si

317 2251 370 2297 de
389 2248 584 2295 moribus
607 2262 695 2289 non
725 2243 880 2298 vultis,
909 2243 1057 2288 saltem
1089 2242 1141 2288 de
1160 2242 1312 2288 litteris
1332 2245 1480 2289 vestris
1512 2261 1597 2289 :ne
1616 2244 1697 2291 lin-

317 2338 400 2382 gua
435 2328 574 2365 vestra
600 2331 699 2359 cum
726 2314 815 2359 vita
838 2324 994 2369 vestra,
1028 2324 1235 2376 tanquam
1260 2312 1332 2359 ille
1362 2314 1529 2377 primus
1564 2315 1697 2361 homo

316 2409 418 2440 cum
437 2399 560 2450 gente
587 2385 863 2432 tenebrarum
878 2421 888 2439 ‚
916 2383 1200 2429 mendacibus
1214 2421 1225 2440 ,
1252 2401 1340 2430 non
1361 2384 1603 2442 elementis,
1624 2385 1697 2431 sed

316 2456 461 2506 verbis
485 2468 680 2517 pugnare
699 2449 912 2496 videatur.

383 2527 461 2574 Vl.
495 2523 580 2569 Sed
618 2539 670 2568 ne
700 2521 745 2567 in
768 2520 963 2566 homines
989 2520 1134 2585 potius
1156 2537 1245 2568 non
1268 2520 1495 2584 implentes
1526 2537 1576 2568 ea
1598 2538 1698 2585 quae

367 2612 490 2643 ¹Joan.
507 2617 570 2643 xiv,
590 2606 623 2639 6.
