1795 3253
1471 311 1490 321 υ

393 329 449 358 DE
488 324 716 358 UTILITATE
751 324 994 365 CREDENDI,
1033 325 1121 357 [ΑΒ.
1165 327 1195 357 1.
1464 328 1493 357 Q

109 409 224 439 mere
252 391 307 439 ad
336 392 487 448 fidem,
522 391 604 438 nisi
633 392 754 456 prius
782 391 972 437 discussa
995 402 1037 436 et
1060 391 1245 437 enodata
1276 390 1456 437 veritate
1471 394 1491 437 Ξ)

111 463 220 520 Quis
239 481 326 509 non
344 464 413 509 his
432 463 828 527 pollicitationibus
852 462 1103 518 illiceretur,
1127 463 1368 525 praesertim
1389 461 1492 508 ado-

108 534 305 580 lescentis
342 535 509 580 animus
547 533 735 597 cupidus
771 533 879 589 veri,
922 533 1053 578 etiam
1092 532 1406 578 nonnullorum
1447 533 1495 579 in

111 604 259 650 schola
285 604 516 650 doctorum
549 604 783 649 homiuum
811 603 1186 667 disputationibus
1213 603 1427 667 superbus
1454 614 1498 649 et

111 674 533 738 garruluszqualem
566 691 632 720 me
667 685 773 719 tunc
807 674 871 719 illi
901 674 1185 730 invenerunt,
1223 684 1498 736 spernentem

111 746 275 792 scilicet
303 746 426 810 quasi
448 745 582 792 aniles
609 744 799 802 fabulas,
828 755 870 791 et
890 745 946 790 ab
969 745 1029 791 eis
1054 744 1337 808 promissum,
1363 761 1496 808 aper-

110 827 206 862 tum
224 828 267 862 et
290 818 507 863 sincerum
524 834 676 863 verum
694 827 838 862 tenere
861 826 989 880 atque
1011 816 1189 862 haurire
1214 815 1497 879 cupientem?

113 886 197 933 Sed
229 904 329 951 quae
359 904 532 933 rursum
556 887 668 933 ratio
699 887 955 943 revocabat,
987 904 1041 933 ne
1073 885 1193 951 apud
1221 903 1291 932 eos
1323 886 1499 949 penitus

112 957 341 1013 haererem,
368 968 416 1003 ut
438 975 506 1003 me
529 958 575 1003 in
596 957 670 1003 illo
695 957 850 1017 gradu,
877 974 1006 1020 quem
1024 968 1186 1003 vocant
1209 956 1492 1014 Auditorum,

112 1038 318 1085 tenerem,
339 1039 389 1074 ut
407 1028 487 1089 huj
497 1046 544 1075 us
564 1028 719 1074 mundi
743 1046 863 1092 spem
888 1039 1016 1092 atque
1045 1028 1215 1089 negotia
1235 1045 1324 1074 non
1342 1027 1498 1074 dimit-

113 1109 272 1153 terem3
304 1099 387 1145 nisi
415 1100 537 1163 quod
561 1100 677 1163 ipsos
701 1116 875 1163 quoque
900 1099 1301 1146 animadvertebam
1324 1097 1426 1163 plus
1451 1098 1497 1144 in

112 1169 355 1216 refellendis
388 1171 481 1217 aliis
512 1170 692 1216 disertos
723 1181 764 1215 et
799 1170 997 1234 copiosos
1029 1188 1132 1227 esse,
1165 1188 1296 1235 quam
1328 1171 1374 1216 in
1411 1169 1497 1216 suis

113 1241 353 1305 probandis
377 1243 524 1288 firmos
544 1253 585 1288 et
605 1252 742 1288 certos
769 1245 974 1287 manere?
1008 1242 1092 1287 Sed
1117 1242 1170 1288 de
1194 1259 1262 1288 me
1288 1241 1396 1305 quid
1424 1240 1499 1286 di-

113 1329 228 1368 cam,
258 1313 334 1376 qui
359 1316 449 1373 jam
481 1313 725 1359 catholicus
758 1313 1034 1359 Christianus
1071 1317 1216 1359 eram?
1245 1330 1346 1377 quae
1378 1329 1498 1359 nunc

114 1383 267 1440 ubera,
293 1394 393 1447 post
412 1384 703 1444 longissimam
729 1384 843 1429 sitim
864 1401 975 1448 pene
994 1384 1227 1430 exhaustus
1253 1394 1381 1448 atque
1405 1383 1496 1429 ari·-

113 1454 211 1500 dus.
238 1464 328 1500 tota
356 1455 561 1501 aviditate
588 1455 789 1519 repetivi,
815 1472 949 1519 eaque
979 1455 1107 1501 altius
1131 1455 1237 1501 flens
1259 1465 1301 1500 et
1324 1471 1496 1515 gemens

109 1525 308 1571 concussi
326 1536 368 1571 et
391 1527 594 1589 expressi,
616 1537 664 1572 ut
682 1526 728 1571 id
752 1537 947 1572 manaret
973 1526 1093 1590 quod
1116 1526 1227 1572 mihi
1256 1526 1316 1572 sic
1343 1526 1494 1571 affecto

110 1596 164 1642 ad
182 1597 490 1642 recreationem
508 1597 607 1642 satis
625 1614 711 1643 esse
731 1608 889 1661 posset,
919 1608 960 1643 et
986 1597 1040 1643 ad
1061 1614 1182 1661 spem
1201 1595 1497 1643 reducendam

110 1667 209 1713 vitae
225 1684 276 1712 ac
293 1667 455 1714 salutis.
481 1667 599 1724 Quid
620 1685 719 1728 ergo
739 1668 792 1713 de
813 1685 881 1714 me
901 1669 996 1732 ipso
1011 1667 1188 1714 dicam?
1211 1669 1279 1713 Tu
1293 1666 1519 1712 nondum(

111 1736 405 1793 Christianus,
433 1737 509 1800 qui
529 1738 710 1784 hortatu
734 1755 849 1794 meo,
879 1755 979 1783 cum
1003 1755 1073 1783 eos
1093 1738 1373 1791 vehementer
1393 1754 1494 1783 exe-

111 1807 308 1864 crareris,
337 1808 406 1853 vix
435 1807 650 1854 adductus
671 1826 729 1865 es,
759 1819 806 1854 ut
835 1808 1043 1854 audiendi
1070 1808 1151 1854 tibi
1182 1819 1311 1872 atque
1343 1807 1496 1871 explo-

111 1877 237 1923 randi
246 1877 515 1936 viderentur,
530 1896 617 1943 qua
629 1896 779 1943 quaeso
791 1879 870 1925 alia
882 1897 926 1924 re
940 1879 1179 1925 delectatus
1190 1897 1250 1936 es,
1267 1878 1494 1925 recordare

113 1947 293 1994 obsecro
316 1959 381 2006 te,
407 1949 489 1995 nisi
513 1967 669 2011 magna
692 1949 885 2014 quadam
917 1950 1263 2013 praesumptione
1291 1967 1341 1996 ac
1364 1948 1497 2013 polli-

114 2018 316 2065 citatione
334 2020 584 2067 rationum‘?
617 2021 700 2067 Sed
729 2021 831 2084 quia
856 2020 933 2066 diu
962 2020 1240 2084 multumque
1267 2020 1320 2066 de
1352 2020 1497 2084 impc-

113 2091 297 2136 ritorum
327 2092 547 2138 erroribus
578 2092 779 2138 latissime
811 2108 858 2137 ac
890 2091 1266 2138 vehementissime
1293 2091 1496 2155 disputa-

113 2161 240 2218 bant,
274 2161 395 2225 quod
422 2162 561 2209 cuivis
593 2163 868 2209 mediocriter
898 2162 1069 2209 erudito
1102 2179 1188 2209 esse
1212 2161 1492 2216 facillimum,

115 2248 208 2278 sero
235 2232 372 2279 didici
394 2233 589 2297 :siquid
617 2234 745 2279 etiam
779 2250 956 2279 suorum
983 2233 1111 2279 nobis
1133 2233 1398 2286 inserebant,
1427 2248 1500 2278 ne-

117 2304 310 2349 cessitate
325 2304 623 2360 retinendum‚
642 2322 744 2350 cum
767 2305 849 2350 alia
869 2322 956 2350 non
975 2315 1256 2351 occurrerent
1274 2304 1320 2350 in
1338 2303 1501 2369 quibus

118 2375 505 2438 acquiesceremus,
542 2373 882 2421 arbitrabamur.
916 2376 1070 2438 Itaque
1103 2375 1230 2420 nobis
1260 2373 1499 2429 faciebant,

118 2445 239 2510 quod
283 2445 477 2491 insidiosi
523 2462 713 2509 aucupes
754 2446 910 2503 solent,
960 2447 1038 2510 qui
1079 2446 1265 2492 viscatos
1308 2443 1504 2490 furculos

118 2526 301 2579 propter
344 2534 500 2580 aquam
542 2516 765 2577 defigunt,
811 2527 859 2563 ut
898 2517 1085 2562 sitientes
1125 2533 1221 2562 aves
1260 2514 1497 2578 decipiant.

121 2587 335 2634 Obruunt
359 2588 492 2645 enim,
527 2597 570 2633 et
602 2604 780 2653 quoquo
815 2587 946 2634 modo
983 2587 1244 2652 cooperiunt
1276 2584 1378 2631 alias
1406 2602 1508 2650 quae

122 2659 239 2706 circa
258 2669 359 2707 sunt
377 2676 526 2724 aquaS,
548 2659 615 2707 vel
635 2660 736 2708 inde
749 2660 877 2707 etiam
892 2658 1184 2707 formidolosis
1200 2656 1503 2705 molitionibus
