1795 3253
335 275 424 305 220
734 275 768 304 S.
813 275 1053 306 AUGUSTIM
1092 277 1308 307 lirlscot‘t.

329 341 525 403 superius
546 339 725 398 agebam
739 377 749 395 ‚
769 357 869 386 cum
891 342 1076 387 dicerem
1097 360 1107 387 ε
1130 342 1340 406 ΉιιιΡοΓο
1364 355 1504 391 tecum
1525 356 1705 409 pestem,

329 411 569 455 cercitatem
585 449 595 459 ,
617 411 915 458 coenositatem
938 413 1159 459 turbidam
1175 451 1185 467 ‚
1208 413 1461 461 horribilem
1480 417 1710 462 vehemen-

333 482 462 528 tiam.
506 482 919 545 corruptibilitatem
940 522 950 541 ‚
1000 485 1314 531 immanitatem
1356 488 1638 550 principum,
1670 497 1712 533 et

329 553 397 598 his
427 553 581 600 similia
611 571 620 598 ε
650 553 780 599 lauda
821 566 865 600 tu
899 573 1069 601 mecum
1105 556 1291 618 speciem
1312 594 1322 611 ,
1357 557 1678 603 distinctionem
1697 595 1707 614 ,

331 623 672 680 ordinationem,
694 643 846 688 pacem
865 664 875 682 ‚
896 629 1106 673 unitatem
1129 626 1367 673 formarum
1382 665 1392 683 ‚
1414 629 1713 674 membrorum

329 695 631 754 congruentias
651 707 691 742 et
711 714 958 743 numerosas
981 698 1221 761 parilitates
1236 736 1247 753 ‚
1274 716 1291 745 x
1305 698 1421 745 italia
1451 700 1714 763 spiramenta

328 776 370 810 et
395 765 658 812 nutrimenta
676 805 686 823 ‚
717 778 1105 832 temperamentum
1131 769 1278 815 salutis
1295 807 1305 826 ,
1332 770 1522 829 regimen
1550 781 1591 815 et
1613 787 1714 815 mo-

328 837 533 883 deramen
575 839 759 892 animfe,
798 840 1120 904 finnulatusque
1156 859 1421 905 corporum.
1462 842 1715 887 similitudi-

330 925 429 954 nem
456 909 827 974 concordiamque
845 912 1036 974 partium
1060 912 1310 973 in.singulis
1336 913 1500 958 naturis
1523 911 1588 958 ve]
1614 929 1716 975 quae

332 979 618 1033 habitabant,
640 981 707 1026 vel
729 998 827 1044 quat
843 981 1185 1039 habitabantur,
1205 994 1248 1029 et
1264 994 1421 1029 caetera
1439 981 1709 1042 hujusmodi.

335 1050 406 1096 Sic
432 1052 545 1096 enim
568 1052 848 1113 intelligunt,
873 1053 907 1099 si
932 1065 1073 1099 tamcn
1102 1056 1192 1100 sine
1222 1055 1460 1119 pertinacia
1491 1054 1625 1100 velint
1649 1065 1717 1100 at-

334 1121 507 1167 tendere
524 1160 534 1178 ‚
554 1126 646 1182 jam
670 1135 711 1169 et
728 1124 843 1170 bona
867 1135 909 1169 et
928 1125 1037 1171 mala
1062 1143 1103 1171 se
1125 1127 1301 1172 miscere
1320 1163 1330 1181 ‚
1356 1143 1456 1171 cum
1477 1125 1719 1188 loquuntur

332 1191 384 1236 de
402 1191 475 1237 illa
499 1203 611 1239 tcrra
631 1231 640 1248 ,
671 1195 747 1240 ubi
772 1196 911 1241 solum
941 1206 981 1241 et
1005 1214 1224 1243 summum
1244 1198 1407 1243 malum
1427 1196 1554 1242 fuisse
1572 1195 1718 1241 credi-

335 1262 494 1308 derunt
512 1281 521 1308 :
545 1266 690 1328 itaque
709 1265 741 1310 si
764 1266 974 1312 tollantur
990 1267 1064 1312 illa
1081 1284 1181 1331 quae
1201 1267 1313 1313 mala
1333 1276 1582 1312 enumerata
1598 1276 1715 1322 sunt,

335 1333 450 1379 bona
469 1334 541 1380 illa
566 1352 665 1399 quae
689 1336 866 1382 laudata
891 1349 991 1383 sunt
1012 1338 1101 1383 sine
1129 1337 1216 1383 ulla
1242 1338 1563 1400 vituperatione
1584 1353 1720 1382 rema-

336 1422 436 1450 nere
455 1426 466 1459 ;
489 1406 520 1451 si
543 1418 685 1452 autem
703 1408 820 1453 bona
843 1409 935 1471 ipsa
955 1407 1166 1454 tollantur
1181 1445 1192 1465 ‚
1215 1408 1382 1454 nullam
1407 1424 1626 1452 remanere
1647 1425 1721 1452 na-

338 1486 493 1523 turam.
527 1478 587 1523 Ex
605 1496 692 1542 quo
708 1482 800 1538 jam
826 1479 943 1525 videt
967 1479 1043 1543 qui
1073 1490 1215 1543 potest
1240 1479 1385 1525 videre
1401 1516 1410 1534 ‚
1444 1495 1616 1523 omnem
1637 1495 1720 1522 na·-

339 1558 478 1593 turam
498 1585 508 1603 ,
536 1550 579 1594 in
599 1560 812 1612 quantum
832 1561 984 1596 natura
1007 1561 1092 1598 est.
1120 1551 1287 1596 bonum
1308 1567 1393 1595 esse
1413 1566 1424 1595 τ
1447 1549 1549 1612 quia
1569 1565 1616 1593 ex
1636 1565 1722 1593 una

337 1618 574 1682 cademque
594 1637 637 1665 re.
653 1658 664 1675 ,
691 1621 732 1666 in
760 1638 847 1684 qua
867 1632 909 1666 et
935 1639 1013 1679 ego
1033 1621 1152 1684 quod
1176 1621 1400 1667 laudarem
1417 1657 1427 1675 ,
1451 1631 1493 1665 et
1512 1619 1582 1665 ille
1604 1619 1722 1682 quod

337 1690 605 1752 vituperaret
626 1691 791 1736 invonit
811 1729 820 1746 ,
849 1693 882 1736 si
913 1691 1121 1736 tollantur
1144 1708 1191 1736 ea
1223 1708 1322 1753 quae
1347 1690 1463 1735 bona
1484 1700 1583 1735 sunt
1599 1725 1609 1744 ,
1638 1706 1722 1734 na-

340 1770 437 1804 tura
456 1760 576 1805 nulla
601 1761 709 1814 erit;
737 1761 769 1806 si
790 1772 933 1806 autem
959 1761 1169 1806 tollantur
1189 1778 1236 1806 ea
1255 1777 1355 1823 quae
1376 1759 1637 1822 displicent,
1659 1759 1724 1804 in-

340 1841 547 1894 corrupta
571 1842 726 1878 natura
762 1832 1018 1878 remanebit.
1059 1831 1181 1877 Tolle
1215 1831 1268 1876 de
1295 1830 1418 1894 aquis
1448 1841 1495 1875 ut
1529 1847 1616 1875 non
1639 1829 1726 1875 sint

340 1918 529 1947 coenosae
547 1912 588 1947 et
614 1902 833 1957 turbidae,
869 1912 1094 1947 remanent
1129 1919 1255 1965 aquae
1289 1918 1414 1965 purae
1449 1911 1577 1964 atque
1604 1911 1725 1945 tran-

340 1972 489 2035 quillae
514 1989 524 2017 z
556 1973 657 2018 tolle
694 1973 747 2018 de
771 1973 892 2036 aquis
930 1973 1119 2035 partium
1148 1971 1457 2027 concordiam3
1486 1988 1570 2016 non
1598 1983 1727 2017 erunt

341 2060 480 2107 aquae.
510 2044 555 2089 Si
579 2061 679 2104 ergo
707 2044 816 2090 malo
853 2044 927 2089 illo
953 2043 1158 2107 adempto
1193 2054 1338 2089 manet
1367 2053 1522 2088 natura
1556 2059 1724 2105 purga-

345 2114 427 2160 tior
445 2152 455 2162 .
486 2115 604 2161 bono
631 2126 773 2161 autem
798 2115 993 2161 detracto
1014 2132 1102 2160 non
1124 2125 1270 2160 manet
1299 2114 1386 2160 ulla
1410 2124 1568 2159 natura
1597 2131 1607 2158 :
1636 2113 1724 2158 hoc

344 2185 405 2231 ibi
431 2184 534 2232 facit
560 2197 760 2232 naturam
787 2186 905 2251 quod
937 2187 1102 2232 bonum
1130 2186 1294 2239 habet3
1321 2185 1440 2249 quod
1465 2195 1608 2230 autem
1628 2201 1726 2229 ma·-

342 2255 433 2300 lum
450 2293 460 2311 ,
486 2274 572 2301 non
592 2268 763 2305 natura.
787 2257 855 2302 sed
880 2267 1031 2302 contra
1054 2267 1253 2303 naturam
1275 2267 1350 2302 est.
1375 2254 1497 2300 Tolle
1516 2254 1569 2300 de
1588 2254 1727 2300 ventis

344 2325 567 2372 horrorem
592 2337 633 2372 et
658 2327 841 2372 nimium
872 2328 1082 2389 impetum
1116 2326 1192 2390 qui
1231 2326 1311 2371 tibi
1343 2325 1574 2388 displicet,
1606 2335 1728 2388 potes

343 2397 530 2455 cogitare
551 2408 699 2443 ventos
737 2397 850 2442 lenes
879 2408 1007 2461 atquc
1044 2397 1285 2442 moderatos
1317 2413 1327 2440 :
1361 2395 1463 2441 tolle
1496 2393 1550 2439 de
1585 2395 1727 2441 ventis

344 2469 536 2531 partium
558 2468 883 2514 similitudinem
905 2505 914 2521 ,
952 2485 1039 2531 qua
1070 2485 1219 2513 eorum
1251 2483 1412 2530 corpus
1437 2465 1480 2510 in
1518 2466 1727 2511 unitatem

348 2540 629 2586 continuatur
648 2550 689 2585 et
711 2540 792 2585 sibi
820 2551 1002 2603 pacatur
1027 2550 1075 2585 ut
1096 2555 1256 2603 corpus
1292 2539 1345 2584 sit
1363 2576 1374 2590 ,
1410 2536 1527 2583 nulla
1565 2537 1730 2583 suberit

348 2621 501 2657 natura
528 2628 657 2676 quam
685 2611 857 2671 cogites.
890 2612 1090 2671 Longum
1119 2621 1181 2657 est
1208 2609 1408 2674 persequi
1434 2618 1592 2654 caetcra
1614 2625 1625 2653 ε
1656 2607 1729 2654 sed

1783 366 1795 393 u
