1795 3253
317 245 409 301 480
748 260 783 288 S.
827 257 1068 290 Aucuswm
1109 259 1308 290 nmscorl

317 347 336 366 >2
361 336 451 372 est.
482 323 619 384 gratia
645 334 787 370 autem
802 334 843 371 et
869 326 1024 371 veritas
1059 342 1136 389 per
1155 324 1534 370 JesumChristum
1578 322 1692 370 facta

318 418 338 437 >1
362 406 422 439 est
439 394 467 440 ¹⁷.
497 417 516 435 υ
542 395 599 439 lix·
639 398 763 454 cujus
803 395 991 441 adventu
1020 400 1109 455 jam
1138 412 1317 455 regnum
1343 396 1421 441 Dei
1450 395 1589 459 coepit
1616 412 1692 440 an-

317 466 507 511 nuntiari
532 484 542 510 ς
565 465 667 528 quia
696 467 781 511 Lex
799 477 839 511 et
855 467 1090 529 Prophetae
1114 483 1247 529 usque
1272 465 1325 511 ad
1348 470 1584 519 Joannem;
1610 466 1696 510 Lex

320 548 367 582 nt
390 554 480 581 reos
518 536 697 587 faceret,
726 538 803 600 quoii
839 536 1131 582 desiderarent
1157 536 1355 590 salutem;
1382 537 1618 600 Prophetae
1652 547 1698 582 ut

322 609 624 672 promitterent
650 608 933 656 salvatorem.
961 612 1178 654 (hetorum
1207 609 1452 672 Prophetas
1479 608 1584 654 alios
1600 609 1701 653 exti-

321 682 512 738 tissejam
528 679 571 724 in
598 677 786 724 Ecclesia
803 690 901 742 post
915 680 1205 725 ascensionem
1225 679 1404 735 Christi,
1422 679 1520 742 quis
1541 679 1703 724 nesciat

322 750 384 794 De
404 749 566 812 quibus
585 748 744 795 Paulus
768 748 877 796 dicit
899 768 909 795 ε
932 772 951 791 «
974 751 1028 795 Et
1059 749 1270 813 quosdam
1294 749 1523 795 constituit
1548 749 1593 794 in
1613 750 1701 794 Ec-

322 841 341 859 »
368 818 517 867 clesia.
559 819 752 882 primum
795 819 1046 883 Apostolos,
1072 819 1227 865 ‹leinde
1266 820 1536 883 Prophetas,
1577 819 1704 864 tertio

321 912 341 931 ›>
372 890 597 946 Doctores,
625 892 880 937 eteaetera‘2.
909 913 928 932 »
955 891 1052 936 Non
1073 892 1216 955 itaque
1246 890 1298 936 de
1322 890 1406 936 illis
1426 890 1699 936 dictumest:

320 983 340 1002 <‹
362 962 397 1006 l
401 979 446 1005 ex
481 972 522 1006 et
558 961 789 1024 Prophetae
812 979 948 1025 usque.
976 961 1029 1006 ad
1053 965 1297 1007 Joannem:
1322 983 1341 1002 »
1369 960 1441 1006 sed
1467 960 1520 1006 de
1556 960 1606 1005 iis
1630 960 1705 1024 qui

321 1032 563 1095 primumC
572 1031 693 1076 inisti
718 1032 1368 1095 ·i‹.lv·÷entumpioph‹taverunt3
1392 1032 1467 1095 qui
1496 1031 1707 1078 adventus

323 1102 455 1166 impl(
463 1113 529 1147 tus
554 1120 640 1148 non
661 1103 811 1166 utique
838 1104 985 1149 adhue
1013 1122 1088 1167 po
1076 1115 1152 1148 sit
1180 1103 1454 1166 prwophttiri.

387 1173 464 1219 lx.
488 1172 681 1217 Proinde
699 1190 799 1218 cum
821 1191 894 1237 qu
886 1192 921 1218 ι
929 1174 1004 1219 ris:
1033 1176 1123 1219 Cur
1141 1191 1172 1232 j
1166 1191 1233 1218 nn
1253 1190 1339 1218 non
1360 1173 1700 1218 circumcidatur

322 1261 450 1290 carne
471 1243 745 1289 Christianus
763 1281 774 1299 ,
798 1245 830 1289 si
854 1244 1055 1289 Christus
1076 1261 1162 1289 non
1183 1244 1299 1289 venit
1323 1245 1480 1303 Legem
1514 1243 1701 1299 solvere,

324 1314 395 1359 sed
411 1313 670 1377 adimpleres)
690 1314 950 1378 Respondeo
967 1332 977 1360 :
996 1315 1090 1360 Imo
1110 1314 1309 1374 idrojam
1332 1331 1418 1359 non
1432 1314 1708 1360 circumcidi—

327 1397 394 1432 tur
413 1385 709 1440 Christianus,
739 1387 842 1448 quia
871 1386 911 1431 id
936 1385 1055 1449 quod
1076 1386 1222 1431 eadem
1251 1385 1582 1431 circumcisione
1610 1402 1710 1449 pro·

329 1457 614 1522 phet-abatur.
632 1461 720 1516 jam
740 1457 1169 1521 Cln‘istusimplevit.
1199 1457 1443 1521 Expoliatio
1461 1457 1575 1502 enim
1610 1474 1710 1502 car—

331 1529 440 1575 nalis
472 1529 782 1587 generationis,
808 1545 909 1592 qua)
950 1529 995 1574 in
1031 1529 1104 1574 illo
1144 1529 1258 1574 facto
1292 1528 1584 1589 figurabatur,
1616 1531 1706 1587 jam

332 1598 498 1644 Christi
516 1599 827 1643 resurrectione
852 1599 1161 1662 adimpletaest
1180 1617 1191 1644 :
1214 1599 1332 1663 quod
1348 1610 1388 1644 et
1405 1599 1450 1644 in
1469 1610 1611 1644 nostra
1634 1615 1705 1644 re-

328 1668 594 1716 surreetione
618 1668 812 1713 futurum
839 1680 1106 1715 sacramento
1127 1669 1334 1733 baptismi
1352 1669 1698 1716 commendatur.

330 1739 441 1785 Nam
466 1755 602 1801 neque
625 1739 799 1802 penitus
823 1740 978 1785 auferri
1004 1740 1156 1785 debuit
1187 1756 1310 1786 novae
1335 1741 1435 1786 vitae
1460 1757 1708 1786 sacramen-

332 1821 443 1865 tum,
474 1809 576 1872 quia
600 1819 731 1854 restat
759 1809 907 1856 adhuc
935 1812 977 1856 in
1005 1812 1130 1857 nohis
1153 1810 1301 1857 futura
1326 1811 1580 1856 resurrectio
1598 1828 1712 1857 mor-

332 1892 506 1927 tuorum
532 1899 541 1925 z
571 1881 680 1926 etin
705 1882 856 1928 melius
887 1893 1029 1929 tamen
1065 1883 1180 1929 idem
1214 1883 1473 1929 succedente
1489 1883 1709 1946 baptismo

341 1952 494 1997 debuit
513 1954 790 2007 commutari,
810 1953 910 2016 quia
930 1957 1020 2013 jam
1039 1953 1202 1999 sactum
1233 1964 1310 2008 est,
1334 1952 1452 2016 quod
1486 1970 1712 2016 nunquam

330 2022 494 2069 factum
507 2033 613 2078 erat,
628 2034 675 2068 ut
687 2023 847 2069 suturae
861 2025 960 2070 vitre
975 2036 1148 2071 aeternae
1164 2025 1207 2070 in
1232 2025 1561 2070 resurrectione(
1578 2024 1715 2070 sshristi

335 2094 461 2140 nobis
509 2094 782 2158 praeberetur
823 2095 1082 2159 exemplum.
1128 2097 1240 2141 Cum
1283 2096 1443 2159 quaeris
1475 2113 1485 2141 ε
1529 2095 1713 2141 Sahhati

335 2165 471 2210 otium
492 2183 570 2211 eur
594 2183 681 2210 non
700 2166 897 2212 observet
918 2167 1212 2223 Christianus,
1229 2166 1262 2212 si
1277 2167 1478 2212 Christus
1496 2166 1709 2212 nonvenit

334 2237 491 2296 Legem
507 2236 685 2292 solvere,
700 2236 771 2282 sed
791 2237 1054 2301 adimplere?
1078 2237 1333 2302 Respondeo
1357 2255 1366 2282 :
1402 2238 1495 2282 lmo
1514 2236 1558 2282 id
1576 2254 1710 2300 prop-

337 2318 450 2352 terea
474 2324 562 2352 non
589 2307 790 2353 observat
811 2308 1101 2364 Christianus,
1125 2309 1228 2373 quia
1243 2308 1362 2372 quod
1378 2325 1425 2353 ea
1452 2308 1588 2367 figura
1609 2324 1716 2371 pro-

336 2378 622 2441 phetabatur,
643 2381 734 2437 jam
757 2379 958 2425 Christus
982 2379 1193 2443 implevit.
1226 2381 1277 2425 ln
1300 2379 1374 2425 illo
1397 2379 1563 2443 quippe
1582 2378 1717 2424 habe-

338 2465 435 2493 mus
470 2449 733 2505 sabbatum,
766 2450 840 2513 qui
865 2450 993 2495 dixit:
1020 2451 1215 2497 «Venite
1251 2450 1305 2496 ad
1344 2467 1410 2495 me
1454 2466 1599 2496 omnes
1640 2448 1717 2513 qui

339 2542 360 2563 »
385 2520 594 2566 laboratis
633 2531 676 2566 et
718 2522 880 2567 onerati
914 2523 1011 2568 estis
1028 2560 1039 2581 ,
1069 2533 1110 2569 et
1134 2539 1210 2583 ego
1235 2539 1310 2571 vos
1335 2522 1554 2576 reficiam3
1582 2519 1717 2567 tollite

388 2605 398 2625 ¹
426 2605 565 2642 Joan.1,
598 2615 647 2643 ¹7·
673 2602 747 2629 -2
767 2615 779 2635 1
800 2606 875 2640 Cor.
901 2618 939 2643 u,
957 2607 1011 2639 28.
