1795 3253
326 226 412 288 194
746 236 784 266 5.
824 234 1068 267 AUGUSTINI
1103 233 1308 266 prscom

319 306 373 353 ad
392 299 699 365 consequentia
719 310 1001 351 transeamus,
1032 318 1112 346 nec
1134 316 1211 345 nos
1238 299 1319 345 ista
1350 298 1573 363 decipiant
1602 315 1702 364 quae
1754 315 1773 346 3¹.

1752 60 1764 99 §t

1754 184 1760 203 1

320 384 502 441 possunt
522 389 608 417 0550
626 371 752 416 bonis
772 381 813 417 et
832 371 972 428 malis,
1000 371 1139 417 doctis
1159 380 1201 415 et
1224 369 1412 416 indoctis
1429 370 1563 417 verba
1585 387 1704 416 com-
1748 388 1775 422 vt

324 445 487 492 munia.
520 441 640 500 Quid
660 459 759 502 ergo
781 443 1007 505 sequitur?

388 516 516 561 Mll.
549 535 569 555 ‹<
595 514 701 569 Pax,
723 512 883 576 inquit,
906 514 987 559 Dei
1011 510 1263 566 invisibilis,
1286 520 1328 556 et
1346 511 1536 557 veritatis
1552 510 1707 557 notitia
1750 515 1776 554 ἒν,

325 588 379 633 511
396 603 498 632 011111
521 584 730 631 fratribus
753 585 910 630 sanctis
927 595 969 630 et
986 582 1269 638 charissimis,
1290 582 1367 646 qui
1390 582 1604 628 mandatis
1618 598 1708 629 coe·
1753 601 1780 628 v*

325 657 503 704 lestibus
532 654 719 701 credunt
753 655 916 717 pariter
949 665 1077 717 atque
1117 652 1378 699 deserviunt.
1414 673 1434 694 »
1465 653 1532 699 Ita
1555 653 1628 710 sit,
1661 663 1711 698 ut
1754 667 1756 671 ·

327 729 450 775 dicit.
490 726 603 771 Nam
631 736 672 771 et
700 725 780 771 ista
810 726 998 785 benigna
1031 735 1074 770 et
1104 723 1402 787 acceptissima
1434 724 1601 787 optatio
1628 734 1702 771 est.

328 800 522 844 Tantum
556 796 876 841 meminerimus
911 796 1010 841 liafc
1043 805 1086 840 ct
1118 813 1140 840 a
1169 794 1297 840 bonis
1326 793 1581 841 doctoribus
1613 806 1655 841 et
1690 813 1713 841 a

330 867 641 932 deceptoribus
662 866 750 912 dici
769 884 907 930 posse.
938 868 1089 928 ltaque
1112 864 1145 910 si
1170 864 1289 910 nulla
1308 866 1389 911 nisi
1409 866 1510 912 talia
1530 867 1709 922 diceret,

332 939 536 986 omnibus
565 937 796 997 legendum
831 948 872 982 et
903 935 1256 1000 amplectendum
1289 953 1375 981 0550
1410 937 1708 984 concederem.

333 1013 425 1058 Nec
449 1009 523 1054 illa
547 1025 648 1072 ([11ῑο
675 1008 821 1053 adhuc
841 1018 1099 1071 sequuntur,
1126 1007 1494 1070 improbzwerim3
1520 1008 1718 1068 adjssngit
1764 1024 1765 1031 ¹

335 1082 451 1127 enim
473 1098 521 1125 z«
541 1078 626 1125 Sed
651 1090 692 1123 et
717 1078 887 1124 dextera
922 1078 1099 1124 luminis
1126 1088 1300 1124 tueatur
1319 1088 1360 1123 et
1382 1079 1539 1142 eripiat
1564 1096 1638 1125 vos
1661 1078 1717 1125 ab
1766 1098 1769 1141 ζ

339 1151 457 1198 0111111
479 1150 769 1196 incursatione
797 1149 1001 1209 nmligna,
1023 1160 1065 1195 et
1088 1149 1290 1212 alaqueis
1308 1150 1477 1196 mundi.
1505 1171 1525 1191 >2
1542 1152 1597 1195 Et
1620 1167 1719 1195 om-
1768 1167 1770 1196 ὲ

1781 1131 1794 1194 ΛΑ.-

339 1223 442 1268 nino
466 1220 687 1285 quidquid
709 1221 754 1265 in
777 1220 912 1280 hujus
939 1220 1135 1283 epistolae
1159 1220 1379 1283 principio
1404 1221 1615 1283 scriptum
1638 1230 1717 1275 est,
1769 1224 1795 1278 ᾖ,

339 1293 478 1339 donec
495 1291 694 1337 veniatur
709 1290 763 1336 ad
782 1308 975 1345 causam,
997 1291 1099 1336 nolo
1123 1290 1454 1353 reprehendere,
1470 1309 1523 1337 ne
1535 1292 1579 1337 in
1594 1291 1723 1337 rebus
1772 1314 1773 1335 1
1790 1327 1795 1334 1

337 1361 583 1409 minoribus
604 1360 795 1406 multum
815 1378 961 1423 operae
985 1370 1283 1406 consumatur.
1308 1361 1332 1404 J
1339 1378 1406 1405 am
1425 1378 1524 1421 ergo
1549 1361 1724 1409 eviden-
1774 1374 1795 1401 ,⁴

343 1433 548 1479 tissimum
574 1431 937 1495 pollicitationem
963 1430 1153 1475 hominis
1176 1429 1411 1476 videamus.

405 1502 525 1548 XIV.
556 1523 575 1543 «
601 1504 664 1547 De
695 1518 744 1546 eo
768 1501 916 1559 igitur,
950 1501 1112 1563 inquit,
1142 1500 1274 1545 frater
1305 1500 1580 1546 dilectissime
1618 1501 1726 1546 Pat-
1776 1508 1795 1532 ’-

336 1574 432 1630 tici,
473 1572 526 1617 de
562 1589 651 1635 quo
687 1572 797 1616 1111111
832 1571 1101 1631 significasti,
1139 1570 1462 1617 dicenszNosse
1494 1582 1536 1617 te
1568 1588 1729 1635 cupere

341 1642 590 1704 cujusmodi
621 1642 675 1687 sit
702 1642 906 1688 nativitas
939 1642 1045 1687 Adae
1073 1652 1116 1687 et
1146 1643 1269 1697 Evae,
1303 1652 1452 1687 utrum
1480 1642 1616 1688 verbo
1646 1642 1731 1687 sint

342 1716 476 1761 iidem
503 1712 682 1777 prolati,
716 1730 770 1757 an
795 1713 1072 1775 primogeniti
1100 1729 1145 1757 ex
1170 1712 1732 1776 corporetrespondebitur

344 1786 427 1831 tibi
458 1795 505 1830 ut
532 1783 747 1842 congruit.
789 1783 989 1845 Namque
1026 1782 1079 1828 de
1118 1782 1187 1827 1115
1225 1800 1247 1827 a
1282 1782 1499 1846 plerisque
1530 1783 1577 1828 in
1604 1782 1733 1830 variis
1784 1783 1792 1830 f.

345 1855 574 1919 scripturis
599 1853 969 1917 relationibusque
993 1852 1191 1899 dissimili
1213 1852 1346 1899 modo
1371 1853 1577 1899 insertum
1603 1864 1734 1916 atque
1786 1852 1787 1859 ’

348 1935 739 1973 commemoratum
762 1934 838 1970 est.
871 1924 1154 1987 Quapropter
1175 1923 1333 1971 veritas
1355 1923 1476 1970 istius
1500 1924 1560 1970 rei
1580 1934 1629 1970 ut
1649 1940 1734 1969 sese
1788 1934 1789 1961 ἒ

349 1997 486 2042 habet
506 1995 561 2040 ab
583 1994 790 2041 universis
813 1993 900 2039 fere
920 1995 1121 2054 gentibus
1137 1994 1380 2053 ignoratur,
1402 2005 1443 2040 et
1458 1995 1514 2040 ab
1532 1994 1735 2040 omnibus
1790 1998 1791 2022 ³

353 2066 431 2131 qui
461 2065 591 2112 etiam
617 2064 671 2110 de
699 2065 787 2110 hoc
816 2064 894 2110 diu
917 2065 1194 2128 multumque
1225 2064 1518 2128 disputarunt.
1552 2065 1597 2111 Si
1621 2064 1737 2111 enim

355 2137 440 2183 illis
463 2153 595 2199 super
616 2135 724 2182 Adae
747 2145 789 2180 et
811 2136 915 2182 Evae
935 2137 1207 2196 generatione
1230 2136 1496 2199 provenisset
1513 2135 1737 2181 manifesto

358 2224 633 2267 cognoscere,
657 2223 881 2270 nunquam
903 2207 1177 2270 corruptioni
1194 2217 1236 2252 et
1252 2207 1383 2252 morti
1405 2208 1692 2267 subjacerent.
1718 2227 1738 2247 ›>

360 2276 635 2324 Manifestum
659 2294 758 2337 ergo
784 2278 1074 2337 cognitionem
1094 2277 1227 2338 hujus
1249 2278 1310 2324 rei
1334 2278 1462 2323 nobis
1486 2276 1735 2340 pollicetur,

361 2367 415 2395 110
439 2349 715 2413 corruptioni
735 2366 784 2395 ac
806 2350 937 2395 morti
959 2351 1256 2410 subjiciamur.
1288 2351 1345 2395 Et
1366 2349 1400 2395 si
1420 2349 1566 2394 adhuc
1584 2364 1741 2412 parum

364 2432 443 2478 051,
470 2420 569 2468 vide
592 2420 700 2484 quid
723 2431 929 2484 sequatur
950 2440 959 2467 :
984 2444 1002 2463 «
1024 2421 1271 2468 Necessario
1291 2438 1409 2481 ergo,
1432 2419 1592 2483 inquit,
1614 2418 1743 2482 plura

363 2502 464 2537 sunt
496 2502 595 2538 ante
627 2492 1038 2550 commemoranda,
1066 2503 1117 2539 ut
1139 2492 1194 2538 ad
1219 2491 1337 2539 istud
1369 2490 1622 2554 mysterium
1652 2488 1742 2535 sine

367 2561 454 2608 ulla
464 2562 600 2627 possit
616 2562 900 2623 ambiguitate
915 2565 1148 2628 perveniri.
1169 2584 1192 2608 ›>
1209 2564 1306 2612 Hoc
1316 2573 1378 2610 est
1391 2561 1512 2627 quod
1521 2559 1740 2616 dicebam,
