1795 3253
348 302 409 359 [48
770 312 804 342 5.
849 311 1093 342 mansum
1130 311 1331 342 eviscovi

349 381 591 426 restitutum
609 378 713 423 libet
734 377 1003 424 considerare
1022 395 1138 424 nunc
1163 377 1312 423 saltem
1338 394 1386 424 ac
1412 377 1638 442 deplorare
1662 379 1718 425 il-

349 453 434 497 lam
460 467 596 496 meam
621 449 848 496 miseriam.
876 449 1013 495 Multa
1042 449 1156 494 enim
1185 458 1306 494 erant
1325 485 1337 505 ‚
1359 466 1458 513 quae
1481 448 1620 496 facore
1639 450 1720 496 de-

347 522 423 566 }›ui
438 558 447 576 ‚
476 538 528 565 ne
551 531 637 566 tam
659 518 781 565 facile
806 537 854 565 ac
873 519 1026 564 diebus
1051 519 1200 582 paucis
1215 556 1226 573 ‚
1251 518 1466 579 religionis
1489 521 1721 567 verissimae

274 631 284 635 -
347 592 524 653 {gemina
564 590 672 635 mihi
713 609 734 635 a
773 590 958 652 pucritia
1001 589 1234 634 salubriter
1274 589 1399 634 insita
1417 626 1428 644 ‚
1471 607 1612 636 errore
1651 590 1720 636 vel

349 661 499 707 fraude
532 661 734 707 falsorum
762 660 1036 706 fallaciumve
1070 659 1298 704 hominum
1333 661 1482 705 effossa
1506 678 1551 706 ex
1576 662 1720 706 animo

347 731 622 794 pellerentur.
656 731 762 776 Nam
790 730 934 792 primo
959 729 1199 774 animarum
1224 728 1295 773 illa
1316 728 1403 774 duo
1421 747 1572 789 genera
1587 768 1597 786 ‚
1618 730 1722 794 qui—

347 803 428 847 bus
448 803 506 847 ita
529 801 717 861 singulas
742 811 915 845 naturas
939 800 1224 863 propriasque
1251 800 1525 856 tribuerunt,
1547 812 1597 847 ut
1613 801 1722 846 alte-

348 889 442 917 rum
465 870 518 916 de
542 871 638 934 ipsa
668 871 743 916 Dei
761 888 845 916 0550
870 870 1133 924 substantia,
1163 869 1336 914 alterius
1357 887 1457 916 vero
1487 872 1621 916 Deum
1643 888 1721 916 nec

348 941 615 987 conditorem
640 941 816 1003 quidem
849 939 982 986 velint
1013 939 1181 1003 accipi,
1214 939 1246 984 si
1271 957 1440 985 mecum
1461 941 1601 986 sobrie
1617 941 1721 987 dili-

348 1023 578 1075 genteique
599 1012 950 1065 (ι)ιι5ἰ(1οι·ιι55,,οιιι
973 1020 1113 1054 mente
1135 1010 1178 1054 in
1197 1010 1336 1054 Deum
1358 1010 1549 1073 supplici
1573 1021 1614 1056 ct
1631 1012 1721 1074 pia,

346 1084 497 1128 1ὀιἰ[ι55
482 1100 522 1126 50,
547 1081 653 1126 milii
672 1081 912 1140 saaitigenti⁴
903 1080 1196 1142 apparuisset
1225 1079 1388 1124 nullam
1413 1097 1499 1125 0550
1509 1080 1725 1158 ‘qualem-

345 1153 456 1197 libet
474 1151 606 1197 xitam
628 1168 739 1213 ‚qua
728 1168 763 1196 tc
797 1169 883 1196 non
909 1168 958 1196 eo
983 1151 1076 1213 ipso
1106 1167 1193 1212 quo
1218 1150 1305 1196 vita
1327 1161 1415 1207 (st,
1439 1161 1480 1195 et
1504 1151 1550 1196 in
1581 1168 1725 1214 quan-

348 1235 436 1267 tum
463 1223 637 1267 omnino
672 1222 759 1266 xita
799 1232 883 1275 cst,
914 1220 967 1266 ad
992 1237 1210 1265 summum
1233 1222 1333 1265 xitae
1364 1220 1526 1266 fontem
1555 1222 1725 1284 plinci-

345 1294 554 1356 piumque
594 1292 805 1355 pertineat
840 1310 849 1336 :
890 1290 1009 1354 quod
1047 1290 1159 1336 nihil
1189 1291 1305 1336 aliud
1342 1308 1473 1354 quam
1505 1309 1722 1337 summum

343 1375 381 1407 et
407 1363 545 1408 solum
562 1379 799 1425 verumque
826 1363 962 1407 Deum
987 1379 1216 1425 possumus
1235 1363 1447 1408 confiteri.
1482 1363 1724 1426 Quaprop-

345 1444 406 1478 ter
431 1433 525 1478 illas
550 1433 713 1478 animas
730 1469 740 1487 ‚
771 1449 870 1495 quae
895 1450 920 1477 ιι
949 1432 1204 1477 Manichaeis
1235 1443 1448 1478 vocantur
1472 1431 1621 1487 malae,
1649 1443 1724 1478 aut

343 1521 486 1548 cirere
516 1503 631 1557 rita,
662 1513 703 1546 et
731 1502 894 1547 animas
926 1519 1014 1547 non
1048 1519 1160 1558 0550,
1192 1519 1327 1565 neque
1351 1502 1593 1565 quidquam
1616 1502 1722 1548 velle

342 1591 414 1619 scu
435 1573 564 1628 nolle,
584 1584 787 1635 appetere
802 1572 1050 1631 v‹·lfuge1·e;
1071 1583 1141 1617 aut
1163 1573 1193 1617 si
1211 1591 1225 1618 x
1239 1575 1420 1621 iverunt.
1445 1583 1491 1618 ut
1511 1583 1551 1618 et
1566 1573 1722 1618 animae

340 1662 426 1690 0550
446 1654 645 1706 possent,
671 1653 713 1688 et
736 1642 902 1705 aliquid
929 1642 1011 1687 tale
1040 1660 1185 1702 agere,
1214 1643 1341 1706 quale
1361 1643 1422 1688 illi
1450 1643 1716 1706 opinantur,

339 1714 460 1759 nullo
498 1714 627 1759 niodo
660 1730 727 1758 eas
753 1714 833 1758 nisi
865 1713 953 1761 vita
976 1713 1118 1759 vivere
1141 1731 1150 1758 :
1181 1731 1228 1759 ac
1252 1715 1284 1759 si
1311 1714 1535 1760 Christum
1565 1714 1718 1760 dixisse

340 1795 569 1839 constaret,
596 1795 643 1829 ut
660 1793 856 1828 constat:
880 1805 900 1824 «
920 1785 1011 1843 Ego
1033 1801 1125 1829 sum
1146 1783 1289 1837 vita13
1310 1805 1330 1825 »
1348 1784 1459 1829 nihil
1476 1802 1561 1830 0550
1578 1802 1719 1831 causae

339 1872 417 1899 cur
438 1871 522 1899 non
543 1871 689 1899 omnes
708 1854 872 1899 animas
890 1891 900 1905 ,
924 1871 1024 1899 cum
1047 1855 1202 1899 animae
1221 1854 1301 1899 nisi
1322 1854 1507 1900 vivendo
1527 1873 1612 1900 esse
1630 1873 1717 1901 non

341 1925 507 1986 possint
525 1961 534 1978 ‚
558 1941 635 1986 per
655 1923 879 1968 Christum
900 1961 910 1980 ,
936 1923 981 1969 id
1004 1934 1065 1968 est
1080 1961 1089 1979 ‚
1118 1941 1197 1988 per
1214 1925 1346 1970 vitam
1370 1937 1534 1970 creatas
1555 1936 1596 1970 et
1614 1942 1717 1971 con-

336 1993 445 2038 ditas
471 1994 719 2040 fateremur.

400 2066 458 2111 ll.
501 2063 633 2120 Quod
664 2065 697 2109 si
733 2075 925 2128 tempore
949 2064 1024 2110 illo
1048 2064 1333 2128 quaestionem
1367 2065 1419 2110 de
1443 2065 1537 2129 ipsa
1563 2066 1649 2112 vita
1674 2077 1716 2112 et

336 2134 388 2179 de
425 2135 760 2197 participatione
790 2135 892 2180 vitae
926 2152 1019 2179 mea
1047 2134 1252 2193 cogitatio
1286 2134 1395 2180 ferre
1431 2152 1480 2181 ac
1509 2136 1714 2181 sustinere

334 2222 420 2249 non
439 2215 602 2267 posset.
628 2222 726 2267 quae
747 2204 943 2268 profecto
972 2222 1127 2264 magna
1153 2216 1214 2250 cst
1231 2243 1241 2262 ‚
1269 2216 1311 2251 et
1334 2205 1522 2251 multum
1555 2223 1713 2252 serenae

334 2273 638 2337 disputationis
670 2275 780 2319 inter
814 2274 1083 2320 doctissimos
1114 2275 1333 2336 indigen53
1362 2275 1472 2321 illud
1501 2275 1712 2339 dispicere

332 2346 508 2390 sortasse
547 2345 770 2390 valuissem
790 2383 800 2393 .
838 2346 957 2408 quod
993 2347 1110 2391 omni
1136 2346 1303 2392 homini
1329 2363 1415 2392 5050
1443 2346 1532 2392 sine
1566 2347 1710 2393 studio

329 2416 520 2478 partium
538 2416 646 2460 bene
668 2415 959 2461 consideranti
983 2415 1324 2463 manifestissime
1347 2427 1556 2480 apparet,
1581 2433 1709 2463 omne

329 2485 447 2548 quod
471 2486 578 2531 scire
597 2496 637 2530 et
662 2503 781 2531 nosse
802 2485 1012 2542 dicimur,
1047 2498 1120 2532 aut
1149 2504 1272 2533 sensu
1296 2487 1515 2551 corpori5‚
1538 2498 1614 2533 aut
1634 2488 1707 2535 in-

329 2555 563 2615 telligentia
587 2573 664 2602 nos
681 2556 843 2603 habere
861 2556 1239 2621 comprehensum.
1268 2558 1424 2605 Sensus
1449 2568 1593 2605 autem
1610 2575 1706 2605 cor-

373 2640 383 2661 ¹
411 2641 506 2672 Joan.
528 2651 598 2683 xrv,
620 2642 652 2675 6,
