1795 3253
314 249 407 296 500
736 266 771 296 5.
814 265 1058 299 Aucusrrm
1094 267 1298 305 Er1sc01’1

310 331 475 392 agendo
500 330 775 379 dilectionem
810 335 1181 399 concordiamque
1222 336 1464 385 suaderent.
1497 337 1629 395 Quod
1654 339 1688 384 si

309 413 479 448 tantum
500 403 783 450 intercederet
800 405 969 463 odium,
994 418 1041 453 ut
1061 408 1248 467 extingui
1273 408 1580 472 emendarique
1601 427 1689 455 non

309 484 469 537 posset,
492 484 597 519 tunc
622 473 771 538 utique
785 477 1045 524 scriberetur
1068 477 1241 524 libellus
1263 496 1273 523 ε
1296 479 1398 542 quia
1424 479 1580 526 frustra
1602 497 1690 526 non

311 544 566 600 dimitteret,
596 561 728 608 quam
755 546 814 592 sic
840 546 1032 606 odisset,
1076 559 1124 595 ut
1160 548 1214 595 ad
1257 548 1451 596 debitam
1487 551 1689 611 conjugio

313 615 572 662 charitatem
597 615 716 662 nulla
731 617 1016 681 prudentium
1041 619 1317 683 persuasione
1333 631 1618 668 revocaretur.
1646 621 1691 667 Si

313 686 430 731 enim
453 703 540 732 non
554 685 749 747 diligitur
763 705 886 745 uxor,
909 688 1169 736 dimittenda
1185 701 1261 737 est.
1286 690 1402 747 Quia
1421 708 1521 752 ergo
1545 691 1690 736 dimit-

312 756 443 803 tenda
465 775 553 803 non
573 768 652 815 est,
680 757 900 820 diligenda
920 772 992 807 est.
1026 761 1212 807 Dilectio
1231 772 1373 808 autem
1396 762 1615 808 monendo
1631 772 1691 807 at-

311 845 396 894 que
421 828 642 875 suadendo
672 832 906 895 componi,
947 850 1035 878 non
1071 831 1258 878 invitum
1293 832 1488 892 cogendo
1524 831 1693 896 imponi

311 910 470 963 potest.
499 899 596 945 Hoc
620 900 758 947 facere
776 902 929 947 Scriba
945 902 1135 948 debebat
1149 906 1292 963 justus
1315 913 1356 948 et
1374 903 1558 966 sapiens,
1577 920 1690 966 qua-

312 971 398 1017 lem
425 971 471 1017 in
487 970 560 1017 illa
577 971 840 1035 professione
867 991 952 1019 esse
976 974 1209 1038 oportebat
1232 992 1243 1019 :
1273 974 1326 1020 ad
1343 991 1472 1038 quem
1498 985 1545 1020 ut
1566 973 1692 1021 veni-

312 1053 451 1099 retur,
472 1041 663 1088 discordi
686 1045 842 1090 marito
868 1043 1041 1090 libellus
1067 1044 1408 1090 conscribendus
1444 1055 1692 1108 praeceptus

312 1123 405 1158 est:
434 1129 564 1175 quem
591 1113 657 1159 vir
679 1113 821 1159 bonus
856 1114 1135 1179 prudensque
1162 1131 1248 1159 non
1275 1114 1509 1171 scriberet,
1548 1115 1629 1160 nisi
1648 1115 1693 1160 in

314 1183 460 1228 animo
479 1182 606 1228 nimis
630 1200 777 1228 averso
806 1195 934 1248 atque
959 1202 1163 1248 perverso
1189 1184 1417 1230 consilium
1444 1185 1693 1231 concordiae

313 1271 403 1300 non
427 1252 601 1298 valeret.
623 1253 933 1300 Verumtamen
956 1273 979 1301 a
1000 1255 1123 1300 vobis
1148 1272 1195 1300 ex
1220 1254 1348 1300 vestri
1383 1255 1538 1300 erroris
1557 1255 1694 1301 saeri-

313 1325 407 1385 lega
434 1324 624 1370 vanitate
657 1341 806 1388 quaero
827 1363 837 1381 ,
866 1342 946 1370 eur
979 1324 1208 1389 displiceat
1250 1324 1466 1370 dimittere
1499 1341 1692 1382 uxorem,

313 1413 445 1459 quam
468 1412 556 1440 non
583 1395 636 1441 ad
672 1396 938 1442 matrimonii
969 1396 1125 1452 fidem,
1157 1394 1229 1441 sed
1253 1395 1306 1441 ad
1331 1395 1696 1459 concupiscentiae

313 1467 481 1513 crimen
505 1465 757 1512 habendam
782 1484 869 1513 esse
892 1467 1100 1513 censetis?
1124 1466 1452 1513 Matrimonium
1471 1466 1637 1530 quippe
1649 1483 1699 1512 ex

315 1538 407 1584 hoc
431 1537 701 1602 appellatum
729 1549 816 1595 est,
853 1538 973 1602 quod
1007 1556 1095 1585 non
1116 1538 1175 1583 ob
1200 1537 1319 1583 aliud
1344 1537 1501 1582 debeat
1519 1536 1700 1582 foemina

316 1609 501 1665 nubere,
523 1626 657 1672 quam
687 1621 735 1655 ut
757 1619 893 1655 mater
911 1610 988 1655 fiat
1008 1628 1018 1654 :
1037 1608 1157 1673 quod
1178 1609 1302 1655 vobis
1320 1608 1519 1654 odiosum
1536 1618 1611 1655 est.
1637 1610 1700 1653 Eo

319 1680 450 1726 modo
470 1681 582 1725 enim
604 1680 766 1744 putatis
788 1690 954 1744 partem
981 1680 1050 1726 dei
1080 1680 1228 1735 vestri,
1256 1680 1393 1739 gentis
1423 1679 1699 1725 tenebrarum

319 1750 475 1814 praelio
498 1751 714 1796 devictam
739 1761 781 1796 et
805 1751 1052 1807 subactam,
1075 1751 1206 1797 etiam
1230 1749 1396 1795 carneis
1415 1749 1704 1812 compedibus

320 1821 529 1881 colligari.

389 1892 573 1939 XXVII.
607 1891 691 1938 Sed
719 1902 768 1937 ut
805 1891 952 1955 potius
978 1890 1097 1955 quod
1130 1906 1248 1937 nunc
1287 1888 1428 1949 agitur
1459 1888 1666 1951 explicem
1691 1906 1702 1934 ε

327 1965 371 2009 si
397 1962 617 2019 Christus,
642 1963 720 2008 ubi
737 1961 1003 2026 quibusdam
1025 1962 1213 2026 antiquis
1233 1959 1453 2005 sententiis
1472 1959 1708 2023 propositis

328 2035 551 2095 adjunxit:
578 2035 670 2094 Ego
693 2044 834 2079 autem
862 2033 961 2079 dico
984 2032 1126 2088 vobis,
1144 2048 1283 2095 neque
1300 2030 1544 2094 primorum
1560 2030 1708 2076 homi-

328 2123 433 2151 num
448 2106 582 2165 legem
604 2105 690 2150 hoc
709 2104 943 2150 verborum
966 2103 1261 2150 additamento
1277 2100 1552 2164 adimplevit,
1571 2118 1709 2165 neque

330 2177 449 2222 illam
473 2194 573 2241 quae
599 2194 677 2240 per
703 2177 884 2238 Moysen
908 2175 1009 2222 data
1032 2187 1094 2223 est
1119 2174 1242 2239 quasi
1273 2172 1591 2220 contrariorum
1625 2189 1712 2236 op-

332 2248 545 2310 positione
566 2247 800 2300 destluxit3
828 2247 901 2293 sed
921 2247 1067 2311 potius
1088 2245 1234 2293 omnia
1251 2262 1295 2291 cx
1317 2243 1604 2289 Hebraeorum
1622 2242 1713 2302 lege

330 2336 356 2362 ‹
360 2334 599 2364 ommemol
602 2328 657 2364 at
660 2337 669 2362 1
685 2318 744 2363 ita
764 2317 1103 2374 commendavit,
1134 2327 1183 2362 ut
1200 2313 1421 2394 quidquid
1450 2330 1496 2358 ex
1530 2329 1713 2377 persona

331 2406 393 2435 su:
397 2408 408 2434 ι
425 2389 604 2467 insuper
624 2388 889 2452 loqueretur,
913 2389 979 2436 vel
1003 2389 1058 2435 ad
1079 2386 1386 2453 expositionem
1408 2383 1712 2448 requirendam

334 2478 359 2505 x
366 2460 512 2509 fftle1et
542 2461 573 2506 si
605 2459 712 2523 quid
737 2459 808 2505 illa
833 2460 1016 2506 obscure
1040 2460 1266 2524 posuisset,
1288 2455 1356 2502 xel
1377 2454 1431 2500 ad
1457 2454 1590 2499 tutius
1611 2470 1713 2499 con-

333 2512 593 2578 servandum
621 2531 738 2595 quod
762 2530 834 2577 illa
859 2531 1062 2577 voluisset
1083 2550 1093 2577 ι
1123 2529 1242 2577 vides
1266 2543 1397 2591 quam
1419 2526 1474 2572 sit
1502 2525 1625 2571 aliter
1642 2524 1714 2569 in-

331 2602 612 2662 telligendum
630 2640 641 2660 ,
677 2600 796 2666 quod
816 2601 897 2647 ait:
943 2604 1040 2649 mon
1065 2620 1107 2649 se
1127 2601 1308 2650 venissse
1332 2598 1489 2657 Legem
1529 2596 1705 2655 solvere,
