1795 3253
221 324 397 356 CONTRA
432 326 634 359 FAUsruu
668 326 967 373 mmmmm,
1007 332 1093 365 ΜΒ.
1136 335 1226 367 xvr.
1332 326 1426 382 433

60 393 204 447 Deus;
229 392 441 456 scriptum
465 405 527 439 est
551 393 666 440 enim
691 393 744 439 de
767 393 841 440 illo
865 414 875 441 ι
900 418 919 438 «
941 398 1030 454 Qui
1052 411 1114 445 est
1135 419 1265 465 super
1287 408 1432 453 omnia

60 484 82 506 »
105 464 222 509 Deus
237 462 491 510 benedictus
509 465 554 510 in
577 464 792 518 saecula13
818 488 837 507 ›>
857 477 898 512 et
918 468 1067 515 similis
1084 471 1253 519 homini
1275 476 1432 523 Clu-15-

60 546 146 592 tus,
171 535 272 599 quia
293 535 452 589 11011103
478 536 581 600 quia
603 535 655 581 de
672 535 746 581 illo
769 536 917 582 itidem
941 540 1150 603 scriptum
1174 555 1235 589 est
1259 562 1270 590 ε
1294 568 1313 587 «
1334 549 1430 594 Me-

61 628 81 649 »
105 607 247 653 diator
273 607 353 652 Dei
376 617 417 652 et
436 607 684 663 hominum,
706 606 840 653 homo
867 608 1065 656 Christus
1091 612 1212 659 Jesus
1226 615 1258 662 2.
1288 639 1308 657 »
1330 619 1432 663 Dis..

59 677 210 724 similis
223 678 444 741 peccatori
461 678 679 734 Christus,
704 679 805 741 quia
820 696 988 742 semper
1004 694 1201 738 sanctus3
1226 697 1267 731 et
1285 688 1433 734 similis

59 751 278 813 peccatori
315 749 541 806 Christus,
581 750 685 814 quia
722 749 838 796 Deus
876 751 1033 798 Filium
1071 771 1196 801 suum
1233 759 1348 804 misit
1386 762 1431 806 in

59 821 385 867 similitudinem
422 821 564 867 carnis
600 821 788 885 peccati,
826 832 873 867 ut
904 822 956 868 de
989 836 1171 887 peccato
1209 828 1432 878 damnaret

57 903 289 956 peccatum
322 893 367 938 in
399 892 572 939 carne3.
614 892 792 938 Homini
826 910 873 938 ex
909 903 1027 940 co'i'tu
1067 907 1172 943 natu
1216 899 1433 949 dissimilis

60 962 285 1019 Christus,
322 964 366 1009 in
399 973 611 1027 quantum
639 980 686 1009 ex
709 964 873 1023 virgine
896 975 1022 1011 natus
1046 978 1107 1012 est
1131 986 1141 1012 ε
1164 969 1236 1014 sed
1263 971 1431 1019 homiui

57 1045 157 1080 nato
178 1035 327 1081 similis
353 1035 570 1091 Christus,
597 1034 642 1080 in
665 1046 879 1098 quantum
903 1037 1054 1099 etipse
1076 1056 1122 1084 ex
1146 1039 1325 1088 foemina
1350 1063 1432 1090 na-

58 1116 127 1152 tus
153 1117 232 1161 est,
260 1107 332 1152 cui
352 1106 522 1152 dictum
545 1117 607 1151 est
627 1124 637 1150 ε
656 1105 825 1163 «Quod
846 1118 1046 1153 nascetur
1075 1127 1118 1155 ex
1148 1122 1187 1155 te
1213 1125 1429 1174 sanctum,

58 1198 78 1219 >³
102 1176 332 1223 vocabitur
350 1176 483 1221 Filius
504 1176 580 1220 Dei
594 1175 625 1222 4.
654 1176 835 1222 Homini
852 1189 1032 1242 propter
1053 1193 1281 1243 peceatum
1305 1203 1432 1232 guum

56 1258 229 1294 mortuo
256 1247 472 1293 dissimilis
500 1247 727 1303 Christus,
755 1247 800 1292 in
823 1260 1037 1311 quantum
1067 1251 1156 1297 sine
1181 1266 1362 1316 peccato
1392 1270 1434 1303 et

55 1319 236 1383 propria
259 1329 470 1382 potestate
491 1329 686 1363 mortuus
701 1329 761 1364 est
783 1336 792 1363 :
815 1318 886 1364 secl
908 1337 1052 1366 rursus
1073 1322 1239 1369 homiui
1262 1338 1433 1374 mortuo

56 1390 206 1436 similis
229 1390 449 1446 Christus‚
480 1392 524 1435 in
546 1400 760 1453 quantum
786 1401 825 1434 et
848 1390 940 1453 ipse
964 1409 1060 1437 vera
1084 1406 1221 1440 morte
1240 1401 1435 1462 corporis

55 1472 253 1508 mortuus
280 1472 355 1509 est.

118 1533 237 1580 XVI.
280 1533 370 1579 Nec
402 1531 499 1577 ideo
530 1531 675 1595 Moysi
700 1530 865 1576 famulo
901 1532 979 1577 Dei
1011 1533 1297 1594 derogaveris,
1331 1542 1435 1604 quia

53 1622 152 1652 eum
174 1615 444 1669 peccatorem
470 1602 617 1658 fuisse,
647 1612 688 1647 et
712 1603 871 1647 offenso
898 1604 988 1648 Deo
1014 1622 1089 1650 suo
1114 1606 1157 1652 in
1182 1620 1327 1655 moute
1356 1629 1435 1656 oc—

54 1677 194 1722 cisum
213 1692 298 1721 esse
319 1673 506 1719 dixistif'.
536 1672 726 1718 Noverat
750 1672 864 1717 enim
883 1683 924 1718 et
947 1674 1039 1736 ipse
1066 1676 1110 1720 iu
1133 1678 1321 1725 Domino
1346 1682 1435 1741 glo-

53 1747 173 1803 riari,
194 1756 243 1791 ut
260 1746 316 1791 ab
334 1762 383 1790 eo
394 1744 535 1790 salvus
556 1744 676 1788 fieret
694 1761 704 1787 ε
728 1761 750 1788 a
766 1760 853 1807 quo
872 1755 913 1788 et
931 1743 1002 1789 ille
1016 1747 1091 1808 qui
1107 1746 1231 1797 dicit.
1248 1773 1268 1792 α
1286 1752 1434 1798 Chris-

54 1841 75 1861 »
99 1829 168 1864 tus
191 1818 315 1863 ,lesus
332 1815 451 1863 venit
475 1815 522 1860 in
549 1813 672 1860 hunc
696 1813 910 1860 mundum
930 1828 1178 1878 peccatores
1201 1821 1339 1867 salvos
1364 1822 1433 1869 fa-

54 1912 74 1932 »
101 1906 214 1945 cere,
230 1904 419 1952 quorum
435 1885 605 1950 primus
617 1902 695 1944 ego
707 1885 838 1931 sumss.
865 1906 884 1926 ›>
904 1886 1114 1945 Arguitur
1130 1890 1245 1935 enim
1266 1893 1434 1956 Moyses

53 1978 159 2008 voce
182 1959 348 2014 divina,
376 1956 495 2021 quod
519 1960 610 2016 ejus
638 1955 743 2001 fides
769 1955 823 2001 ad
850 1973 1005 2019 aquam
1030 1958 1082 2003 de
1108 1971 1232 2022 petra
1254 1963 1431 2010 elicjess„

53 2032 156 2079 dam
181 2032 452 2095 aliquantum
470 2027 751 2074 titul>averit⁷
771 2027 912 2090 :quod
933 2028 969 2073 ei
990 2045 1088 2074 cum
1114 2044 1294 2093 peccato
1316 2035 1435 2082 Petri

53 2113 196 2168 potest
217 2119 303 2148 esse
326 2098 604 2153 communes,
630 2097 707 2160 qui
724 2097 769 2142 in
786 2098 938 2143 mediis
958 2099 1166 2146 fluctibus
1186 2102 1314 2151 simili
1331 2106 1433 2152 fidei

54 2174 224 2222 defectu
260 2171 494 2219 dubitavit.
529 2170 690 2215 Verum
720 2169 832 2214 absit
867 2181 914 2215 ut
944 2170 1171 2218 credamus
1195 2174 1300 2221 hinc
1333 2194 1432 2224 eum

52 2264 139 2293 esse
169 2245 403 2292 alienatum
428 2243 484 2288 ab
512 2252 671 2287 aeterna
694 2241 894 2286 societate
923 2242 1201 2301 Sanctorum,
1229 2248 1303 2310 qui
1329 2266 1430 2296 cum

53 2327 201 2364 sancto
221 2315 334 2371 Elia,
355 2314 467 2360 sicut
480 2310 764 2370 Evangelium
778 2310 989 2375 loquitur,
1012 2315 1169 2359 meruit
1188 2316 1428 2365 clarificato

52 2389 98 2435 in
120 2398 266 2435 monte
283 2385 471 2432 Domino
495 2383 723 2429 assistere9.
753 2383 788 2426 N
796 2400 865 2427 am
886 2384 995 2429 utin
1010 2386 1227 2432 veteribus
1244 2388 1428 2448 legimus

50 2460 193 2517 libris,
223 2458 353 2505 etiam
384 2466 482 2520 post
511 2455 655 2518 ipsum
686 2464 936 2517 peccatum,
970 2468 1183 2519 quantum
1217 2460 1269 2505 sit
1308 2462 1426 2525 apud

105 2569 219 2599 ¹Rom.
235 2577 281 2600 ix,
296 2566 326 2595 5.
342 2561 416 2587 ...2
435 2575 445 2593 1
467 2562 552 2595 Tim.
569 2572 606 2597 11,
623 2562 655 2594 5.
684 2578 724 2583 -—
748 2557 762 2581 3
783 2563 876 2594 Rom.
900 2572 971 2596 vm.
993 2564 1022 2594 3.
1038 2582 1080 2587 —
1100 2561 1114 2584 4
1140 2567 1211 2596 Luc.
1230 2576 1305 2602 xm,
1327 2569 1356 2598 5.
1380 2587 1422 2593 —-

53 2621 66 2644 5
82 2624 178 2656 Dent·
198 2631 265 2661 mv,
284 2621 316 2653 5,
332 2636 378 2641 —
394 2614 409 2637 ‘³'
436 2628 448 2649 1
468 2619 553 2649 Tim.
574 2626 584 2645 1
598 2642 606 2658 ‚
635 2615 687 2648 15.
708 2630 751 2638 -2
771 2612 783 2634 Τ
805 2617 897 2648 Num.
922 2626 972 2647 xx,
993 2627 1042 2648 10.
1057 2635 1098 2640 --
1121 2616 1264 2650 ³Mauh.
1285 2630 1350 2656 xiv,
1370 2624 1423 2658 30,

53 2694 98 2701 —
114 2673 128 2697 9
145 2675 192 2707 Id.
211 2684 292 2707 xvu.
311 2672 341 2703 5.

215 2742 373 2774 cxxxv.
1207 2726 1264 2771 28
