1795 3253
344 323 399 354 DE
437 320 666 353 UTILITATE
703 321 946 363 CREDENDI,
987 322 1073 354 LIB.
1118 322 1148 353 1.
1417 326 1446 370 (J

67 389 186 455 quod
206 405 307 435 cum
328 388 530 434 Christus
553 387 851 451 prohibuisset
870 404 1047 433 uxorem
1072 386 1222 448 abjici,
1249 385 1331 432 nisi
1351 386 1445 432 for-

65 460 293 508 nicationis
317 477 465 506 causa.
509 458 779 522 relatumque
803 471 909 505 esset
948 458 1002 504 ab
1045 457 1412 518 interrogantibus
1431 495 1442 514 ,

69 533 247 594 Moysen
267 530 415 576 libello
436 530 538 575 dato
554 528 727 592 repudii
746 530 986 592 permisisse
1008 528 1227 574 licentiam
1245 546 1255 572 :
1279 550 1297 569 (ι
1320 529 1439 584 Hoc,

72 625 92 645 »
111 601 278 665 inquit,
306 603 476 663 Moyses
503 600 604 646 fecit
626 610 809 663 propter
833 600 1041 645 duritiam
1058 598 1202 645 cordis
1220 599 1351 644 vestri
1369 598 1402 645 1.
1424 621 1443 640 η

71 673 155 719 Hic
178 672 292 717 enim
311 688 438 717 causa
460 670 628 716 reddita
652 680 739 726 est,
768 687 846 716 cur
868 670 977 716 illud
1003 688 1026 715 a
1050 671 1090 714 Μ
1100 687 1200 732 oyse
1229 687 1312 733 pro
1333 680 1444 715 tem-

68 761 174 809 pore
196 744 306 789 bene
323 742 581 806 permissum
613 742 690 796 sit3
728 752 777 787 ut
801 742 889 788 hoc
912 741 1032 806 quod
1055 741 1257 787 Christus
1274 741 1440 805 praeci-

65 814 215 879 piebat
230 851 240 869 ,
264 813 345 859 alia
363 816 456 873 jam
476 823 671 876 tempora
689 812 985 859 demonstrare
1007 812 1243 859 videretur.
1274 813 1443 858 Horum

66 894 207 930 autem
249 893 497 946 temporum
534 883 678 939 vices,
729 893 859 946 atquc
892 881 1090 928 ordinem
1122 883 1231 928 mira
1253 881 1446 946 quadam

65 954 224 1000 divinae
256 953 542 1017 providentiae
561 952 844 1016 dispositione
868 952 1082 1013 digestum
1107 963 1235 1017 atque
1261 970 1448 1017 compo-

63 1026 191 1071 situm
209 1062 219 1080 ‚
247 1024 427 1084 longum
451 1034 513 1069 est
531 1024 778 1086 explanare.

127 1096 226 1142 Vll.
253 1099 345 1140 Jam
371 1111 502 1158 porro
528 1094 768 1155 analogiam
786 1132 796 1149 ,
819 1112 905 1159 qua
930 1096 1155 1158 utriusque
1181 1095 1443 1140 Testamenti

63 1160 339 1221 congruentia
365 1159 646 1223 perspicitur,
678 1159 784 1223 quid
805 1177 883 1220 ego
898 1160 1045 1206 dicam
1071 1177 1168 1205 usos
1195 1159 1325 1205 fuisse
1347 1176 1446 1205 om-

62 1248 137 1277 1165
158 1247 345 1295 quorum
367 1230 614 1276 auctoritati
637 1230 701 1275 illi
725 1229 888 1275 cedunt
909 1248 920 1276 ι
947 1247 1049 1276 611111
1066 1247 1211 1275 56611111
1233 1229 1317 1292 ipsi
1335 1246 1444 1275 con-

62 1301 244 1347 siderare
261 1300 443 1365 possint,
470 1317 601 1364 quam
622 1299 772 1363 injulta
800 1299 964 1346 soleant
983 1300 1126 1347 dicere
1144 1300 1333 1345 immissa
1359 1317 1446 1345 esse

64 1372 300 1435 Scripturis
319 1371 476 1416 divinis
494 1389 515 1416 a
533 1371 681 1416 nescio
698 1370 859 1433 quibus
877 1370 1213 1434 corruptoribus
1224 1370 1443 1416 veritatis?

64 1443 176 1500 Quae
197 1459 279 1488 vox
312 1441 422 1487 mihi
443 1459 613 1504 semper
634 1441 811 1505 quidem
838 1441 965 1486 etiam
994 1458 1095 1487 cum
1125 1458 1194 1486 eos
1219 1440 1412 1486 audirem
1431 1478 1442 1497 ,

61 1511 370 1558 invalidissima
390 1513 479 1557 visa
500 1523 586 1557 cst:
608 1528 688 1557 nec
705 1511 816 1556 mihi
837 1511 916 1557 soli
934 1549 944 1567 ,
966 1512 1039 1557 sed
1063 1512 1193 1557 etiam
1216 1511 1299 1557 tibi
1321 1512 1445 1558 (nam

62 1585 171 1630 bene
197 1583 399 1643 memini)
421 1594 463 1628 et
485 1583 610 1628 1101115
642 1583 870 1639 omnibus,
892 1583 969 1646 qui
987 1582 1120 1646 paulo
1144 1586 1349 1642 majorem
1371 1583 1444 1628 di-

62 1654 282 1715 ligentiam
308 1653 612 1714 injudicando
652 1653 816 1699 habere
842 1654 1130 1711 conabamur,
1153 1670 1287 1717 quam
1316 1654 1446 1699 turba

63 1725 346 1771 credentium.
374 1726 503 1770 Nunc
527 1741 627 1772 vero
662 1735 944 1788 posteaquam
982 1724 1095 1769 1111111
1129 1735 1229 1769 511111
1258 1726 1447 1788 exposita

64 1808 192 1862 atquc
218 1796 404 1842 enodata
423 1795 578 1852 multa,
602 1812 701 1859 quae
719 1813 788 1841 me
807 1796 989 1841 maxime
1009 1795 1271 1851 movebant,
1296 1813 1343 1841 ea
1367 1796 1447 1841 sci-

64 1868 164 1913 licet
185 1868 230 1913 in
253 1867 415 1930 quibus
440 1866 613 1912 illorum
630 1866 889 1931 plerumque
909 1883 950 1912 se
965 1870 1126 1926 jactat,
1145 1877 1187 1911 et
1203 1883 1291 1930 quo
1315 1883 1442 1912 secu-

63 1939 150 1984 rius
173 1939 262 1984 sine
286 1937 549 1993 adversario,
573 1954 623 1982 eo
644 1937 818 1983 effusius
837 1936 999 1982 exultat
1019 1937 1181 1989 orati03
1203 1937 1316 1982 nihil
1335 1936 1445 1982 mihi

63 2008 238 2054 videtur
260 2008 316 2053 ab
350 2007 408 2053 eis
450 2005 751 2070 impudentius
789 2006 878 2052 dici
902 2006 970 2052 161
1014 2017 1063 2052 111
1098 2007 1246 2051 mitius
1269 2006 1442 2070 loquar,

66 2078 327 2125 incuriosius
349 2089 392 2123 et
414 2076 694 2132 imbecillius,
718 2094 850 2140 quam
877 2077 1126 2140 Scripturas
1159 2076 1329 2122 divinas
1361 2093 1448 2122 esse

65 2159 295 2213 corruptas
313 2168 325 2202 ς
349 2165 450 2194 611111
473 2147 519 2193 1(1
543 2147 673 2193 nullis
692 2148 737 2193 in
755 2157 843 2193 tam
858 2147 1021 2193 recenti
1040 2147 1247 2193 memoria
1267 2147 1446 2192 extanti-

65 2221 148 2267 bus
171 2219 491 2282 exemplaribus
524 2219 692 2282 possint
720 2219 992 2265 convincere.
1021 2218 1067 2264 Si
1084 2218 1198 2264 enim
1219 2217 1442 2274 diceient,

66 2308 134 2338 eas
152 2291 236 2337 sibi
256 2289 431 2353 penitus
457 2288 734 2351 accipiendas
752 2306 840 2334 non
860 2299 1053 2368 putasse,
1073 2288 1194 2352 quod
1217 2289 1272 2334 ab
1294 2288 1363 2334 his
1383 2306 1444 2334 es-

67 2371 158 2407 sent
178 2360 465 2423 conscriptae,
494 2376 604 2423 quos
633 2377 782 2406 verum
807 2359 1026 2423 scripsisse
1060 2376 1149 2405 non
1174 2359 1444 2405 arbitraren-

67 2443 166 2486 tur3
190 2443 296 2478 esset
314 2441 552 2494 utcumque
566 2431 859 2491 tergiversatio
875 2447 1025 2476 corum
1044 2429 1218 2486 rectior,
1240 2430 1307 2476 vel
1327 2447 1446 2476 error

67 2504 315 2549 humanior.
351 2503 448 2548 Hoc
489 2502 604 2547 enim
629 2502 682 2547 de
708 2502 783 2548 illo
801 2502 916 2548 libro
948 2501 1167 2557 fecerunt,
1202 2501 1280 2565 qui
1320 2502 1454 2547 Actus

69 2573 376 2639 Apostolorum
407 2573 676 2621 inscribitur.
722 2573 855 2633 Quod
891 2590 1039 2621 eorum
1060 2571 1316 2629 consilium,
1344 2589 1446 2620 cum

123 2656 130 2677 ¹
153 2657 271 2691 Maxih.
300 2667 370 2701 xxa,
391 2659 421 2690 8.
