1795 3253
94 312 265 344 CONTRA
302 312 568 345 ADIMANIUM
604 314 840 345 nmmum
877 310 1098 341 Discu‘ut.
1142 308 1228 338 Lm.
1271 307 1300 336 1.
1376 291 1460 352 169

91 380 151 425 sic
178 388 366 441 tempore
394 378 557 424 timoris
577 379 776 425 severitas
795 377 873 422 Dei
908 375 1088 420 maxime
1112 370 1454 418 commendatur.

92 450 148 494 Et
175 465 273 493 cum
301 448 448 494 adhuc
468 466 556 494 non
575 458 792 513 oporteret
812 457 908 493 ante
933 445 1166 490 adveutum
1188 440 1362 486 Domini
1381 456 1460 485 nu-

91 518 192 564 dare
217 517 382 581 populo
405 518 695 578 legitimarum
715 526 980 564 sacramenta
997 516 1251 574 figurarum,
1279 528 1364 555 non
1387 511 1458 555 in-

90 588 340 634 vitabantur
378 589 617 648 significata
661 588 911 647 intelligere,
960 585 1032 630 sed
1051 588 1168 643 jussa
1190 581 1459 639 cogebantur

90 657 268 720 implere
291 675 302 703 ε
324 658 519 704 nondum
560 660 672 704 enim
698 661 788 704 Deo
824 656 1099 703 inhaerebant
1130 669 1208 715 per
1226 649 1427 713 spiritum
1448 687 1458 705 ‚

90 727 163 772 sed
187 744 265 790 per
288 744 461 773 carnem
497 728 579 788 legi
617 729 873 775 serviebant.
914 726 1049 770 Miror
1074 733 1217 768 autem
1237 719 1358 783 quod
1392 719 1462 765 isti

89 797 305 860 plangunt
329 797 572 861 lapidatum
595 799 817 845 hominem
844 797 923 843 Dei
948 804 1169 859 praecepto
1184 829 1195 848 ,
1223 791 1326 854 quia
1349 807 1460 835 con-

91 878 155 912 tra
172 870 339 926 jussum
361 868 486 927 Legis
510 869 628 928 ligna
649 869 822 929 collegit
836 906 846 925 ,
873 878 914 913 et
931 883 1021 912 non
1035 864 1250 928 plangunt
1264 860 1464 906 arborem

91 936 322 983 arefactam
339 938 472 984 verbo
516 939 681 986 Christi
704 940 721 969 1
740 977 751 996 ,
778 956 876 1003 quae
894 947 1044 984 contra
1062 933 1232 980 nullum
1254 948 1463 996 praecep-

91 1019 183 1054 turn
218 1007 402 1065 fecerat,
434 1026 535 1056 cum
578 1010 706 1057 talem
732 1011 920 1059 animam
955 1005 1121 1054 arboris
1144 1021 1228 1050 esse
1253 1000 1457 1057 credant,

90 1078 260 1143 qualem
282 1078 484 1130 hominis„

91 1259 126 1273 δ’
130 1251 1450 1277 ιιιιιιιιιιιιιιιιιιιιιιιιιιιιιιιιιιιιιιιιιιιιιιιιιιιιιιιι

583 1371 760 1414 CAPUT
793 1371 953 1414 XXIII.

155 1518 222 1562 Du
246 1532 295 1561 eo
332 1514 450 1578 quod
485 1515 697 1578 scriptum
732 1527 828 1561 est:
871 1537 891 1557 «
909 1515 1068 1561 Mulier
1094 1526 1165 1561 tua
1189 1515 1300 1560 sicut
1340 1513 1465 1559 vinea

91 1606 112 1627 »
135 1585 408 1632 frondescens
425 1622 437 1642 ,
459 1595 501 1630 et
523 1585 600 1630 filii
626 1585 689 1631 tui
713 1596 761 1631 ut
786 1586 954 1631 novella
973 1586 1188 1631 olivarum
1206 1585 1251 1630 in
1277 1584 1465 1629 circuitu

91 1679 112 1700 »
137 1673 294 1702 mensae
315 1666 418 1713 tuae,
455 1666 497 1700 et
520 1655 689 1701 videbis
722 1656 831 1702 filios
856 1657 1044 1702 filiorum
1069 1667 1272 1707 tuorum3
1298 1664 1339 1699 et
1360 1654 1466 1699 scies

91 1747 112 1768 »
137 1727 238 1791 quia
267 1726 355 1771 hoe
390 1725 521 1771 modo
559 1725 836 1771 benedicitur
862 1727 1022 1782 homo,
1046 1726 1122 1789 qui
1156 1725 1277 1770 timet
1306 1723 1464 1768 Domi-

91 1819 112 1840 »
141 1797 293 1843 num2.
326 1817 345 1837 >2
374 1796 471 1841 Hoc
489 1813 567 1859 per
603 1797 876 1860 Prophetam
910 1798 1091 1857 figurate
1120 1795 1289 1841 dictum
1310 1831 1321 1850 ,
1345 1793 1461 1839 etad

90 1867 446 1928 significationem
473 1866 678 1913 Ecclesiae
702 1869 915 1931 pertinere
942 1867 1178 1912 Manichaei
1203 1883 1290 1911 non
1330 1863 1462 1910 intel-

90 1938 256 1999 ligunt,
278 1947 319 1982 et
340 1946 499 2000 putant
520 1938 787 1983 contrarium
810 1956 896 1983 esse
918 1937 1039 2001 quod
1055 1937 1101 1982 in
1123 1934 1355 1995 Evangelio
1378 1935 1464 1978 Do-

90 2010 234 2056 minus
260 2008 313 2054 de
327 2007 597 2071 spadonibus
616 2009 675 2053 ait
696 2009 731 2064 3‚
758 2010 835 2073 qui
855 2026 896 2054 se
916 2010 1031 2072 ipsos
1065 2017 1255 2053 castrant
1288 2015 1465 2068 propter

89 2095 271 2139 regnum
294 2077 521 2123 coelorum.
565 2077 649 2123 Sed
685 2097 761 2124 nos
788 2082 878 2138 jam
900 2078 1011 2124 etde
1030 2078 1124 2124 viro
1142 2115 1153 2134 ,
1178 2088 1218 2123 et
1237 2076 1289 2122 de
1305 2092 1431 2121 uxore
1447 2111 1459 2131 ‚

91 2149 203 2196 etde
223 2147 491 2212 spadonibus
509 2184 519 2201 ‚
547 2160 761 2211 quantum
791 2150 891 2195 satis
914 2149 997 2194 fuit
1015 2185 1025 2204 ,
1049 2149 1094 2194 in
1118 2148 1242 2193 tertio
1267 2145 1460 2209 capitulo

91 2219 380 2266 disseruimus.

141 2321 152 2345 ¹
182 2320 299 2353 Mauln.
328 2331 398 2362 xm,
431 2330 482 2361 19=
497 2338 539 2347 ——
555 2319 570 2342 ²
585 2321 665 2356 Psal.
686 2332 802 2366 cxxur,
822 2323 851 2361 3,
879 2325 908 2357 4.
928 2339 973 2346 -
994 2318 1008 2343 3
1027 2319 1224 2359 Matth.x1x,
1244 2330 1296 2351 12,
