1795 3253
303 343 478 376 CONTRA
512 341 758 375 EPISTOLAM
795 340 1047 384 MANICHFEI,
1087 342 1175 373 Llss.
1218 343 1250 374 Ι.
1390 338 1480 373 211

110 412 346 458 aeternitate
361 413 653 471 juncturam?
679 409 790 466 Quae
807 419 923 454 recta
941 408 1072 454 latera
1094 409 1317 472 utriusque
1340 418 1481 464 terrae,

107 483 271 528 etiamsi
292 481 550 545 interposito
568 480 686 526 inani
703 490 1023 543 separarentur,
1054 497 1141 525 non
1166 478 1306 524 solum
1338 496 1417 542 per
1442 495 1484 524 se

108 553 201 616 ipsa
225 551 412 616 pulchra
435 562 571 596 essent
588 588 598 607 ,
620 550 722 613 quia
740 560 827 594 tam
850 560 965 596 recta
984 561 1146 596 essent:
1167 549 1240 595 sed
1263 548 1488 609 interjecto

109 639 283 686 quoque
300 620 529 667 intervallo
543 622 601 666 ita
619 620 701 665 sibi
714 632 1018 679 congruerent,
1038 632 1088 666 ut
1106 620 1212 666 hine
1230 630 1357 683 atque
1370 619 1490 665 illinc

109 694 265 757 pariles
289 692 569 738 rectitudines
588 692 717 736 etiam
737 691 825 736 sine
846 691 933 737 ulla
958 691 1289 752 conjunctione)
1314 691 1408 755 ipsa
1428 700 1492 735 ta·-

107 782 207 810 men
225 763 509 810 similitudine
541 764 586 808 111
614 780 747 808 unam
780 762 1160 826 pulchritudinem
1187 762 1484 808 convenirent.

111 836 226 881 Cum
248 845 391 880 autem
424 834 590 880 accedit
613 834 693 879 ista
717 834 968 894 conjunctio
985 872 996 891 ‚
1024 834 1133 898 quid
1157 833 1420 880 concordius
1445 849 1494 878 ac

110 906 312 969 pacatius
334 906 418 951 hac
444 915 628 968 utraque
654 915 792 957 terra3
815 904 924 968 quid
947 921 1050 951 vero
1069 905 1196 950 etiarn
1223 904 1317 968 ipsa
1348 921 1493 967 copu—

108 976 267 1022 latione
288 976 478 1023 duorum
504 986 723 1021 rectorum
742 975 926 1022 laterum
951 975 1185 1040 pulchrius
1204 975 1293 1022 dici
1312 987 1388 1021 aut
1415 993 1494 1021 co—

110 1048 236 1107 gitari
252 1047 387 1111 possit
403 1085 413 1101 ‚
443 1064 529 1092 non
550 1047 738 1093 invenio.

174 1118 339 1164 xxix.
383 1117 502 1173 Quid
528 1116 685 1162 faciam
710 1134 811 1162 eum
836 1134 980 1163 errore
1003 1117 1213 1180 perversis
1237 1127 1277 1162 et
1306 1134 1492 1162 eonsue-

111 1187 260 1233 tudine
284 1188 517 1252 implicatis
536 1188 785 1234 miserrimis
805 1189 985 1235 animis?
1013 1190 1111 1234 Non
1129 1189 1242 1234 enim
1267 1189 1409 1234 sciunt
1428 1189 1495 1233 isti

110 1258 309 1304 homines
329 1258 438 1322 quid
458 1258 718 1322 loquantur,
745 1276 846 1304 cum
865 1259 962 1305 haec
978 1260 1221 1323 loquuntur
1242 1276 1253 1304 ε
1274 1276 1363 1304 11011
1382 1259 1499 1304 enim

109 1329 354 1376 attendunt.
385 1331 536 1389 Rogo,
566 1347 694 1375 nemo
730 1347 805 1376 vos
836 1341 994 1390 urget,
1038 1347 1165 1375 nemo
1199 1331 1245 1375 in
1279 1340 1499 1375 certamen

113 1402 304 1464 premit,
333 1418 459 1446 nemo
478 1402 712 1463 praetelitis
735 1400 916 1447 insultat
935 1402 1190 1453 erroribus
1218 1401 1298 1447 nisi
1324 1401 1401 1465 qui
1425 1400 1498 1446 di-

115 1473 263 1516 vinam
287 1471 631 1518 misericordiam
656 1483 858 1536 expertus
882 1490 970 1518 non
992 1483 1082 1529 est,
1113 1483 1162 1518 ut
1188 1482 1350 1518 caleret
1377 1489 1500 1517 0110-

110 1542 266 1587 ribus:
295 1553 465 1588 tantum
500 1543 546 1588 id
571 1560 747 1603 agamus
771 1581 782 1600 ,
820 1553 869 1589 ut
901 1510 1138 1607 aliquaiido
1162 1543 1385 1589 finiantur.
1419 1543 1499 1587 In-

113 1613 293 1659 tuemini
312 1612 545 1677 paululum
566 1613 654 1658 sine
677 1614 947 1659 animositate
965 1625 1006 1659 et
1021 1613 1499 1660 amaritudine.Omnes

108 1682 308 1729 homines
332 1700 478 1729 sumus
507 1701 517 1728 :
546 1701 634 1729 non
658 1701 734 1729 nos
750 1722 761 1740 ‚
795 1684 869 1729 sed
892 1702 1055 1730 errores
1078 1695 1121 1730 et
1136 1684 1341 1730 falsitates
1357 1684 1497 1731 oderi-

109 1770 219 1800 mus.
250 1754 410 1811 Quaeso
425 1792 436 1811 ,
463 1754 694 1800 intuemini
714 1754 960 1817 paululum.
989 1757 1105 1801 Deus
1122 1793 1134 1812 ,
1155 1755 1497 1803 misericordiam

112 1824 271 1885 adjuva
309 1827 523 1871 intuentes
539 1863 549 1881 ,
576 1836 619 1870 et
640 1843 790 1872 verum
812 1827 1113 1890 qua-arentibus
1146 1828 1325 1873 interius
1345 1828 1494 1874 lumen

112 1896 312 1943 accende.
337 1897 457 1954 Quid
474 1898 589 1942 enim
608 1897 912 1957 intelligimus,
937 1899 971 1943 si
994 1915 1083 1943 non
1101 1898 1382 1959 intelligimus
1402 1917 1496 1946 ree-

112 1977 205 2012 tum
241 1967 393 2013 melius
429 1985 516 2013 esse
555 1985 687 2030 quam
726 1972 942 2031 pravum?
977 1970 1139 2026 Quaero
1164 1987 1264 2030 ergo
1286 1989 1307 2016 a
1333 1971 1457 2017 vobis
1482 2009 1493 2028 ,

112 2038 144 2082 51
182 2037 354 2101 placide
391 2039 667 2101 modesteque
721 2039 919 2102 accipitis
935 2078 945 2097 ‚
999 2051 1167 2086 rectum
1204 2041 1317 2087 latus
1371 2053 1496 2090 terrae

113 2108 389 2154 tenebrarum
409 2147 418 2160 ,
459 2109 578 2173 quod
616 2120 736 2154 recto
781 2109 903 2155 lateri
954 2121 1080 2156 terrae
1129 2111 1239 2156 lueis
1286 2111 1492 2174 adjungi-

112 2189 184 2224 tur
205 2217 215 2228 .
253 2180 288 2225 51
322 2181 539 2243 quispiam
582 2179 839 2242 depravaret
855 2218 864 2230 .
913 2181 1160 2227 nullam—ne
1188 2181 1250 2227 illi
1287 2182 1493 2245 pulchri-

111 2249 307 2295 tudinem
350 2251 594 2303 adimeret?¹
633 2252 810 2296 Necesse
852 2262 914 2297 est
955 2252 1206 2308 fateamini,
1254 2252 1287 2297 51
1336 2253 1492 2300 latrare

113 2320 275 2376 nolitis,
304 2338 389 2367 non
416 2322 555 2367 solum
575 2322 611 2367 ei
624 2359 635 2378 ,
660 2322 691 2366 51
713 2321 992 2385 depravetur,
1013 2322 1392 2387 pulchritudinem
1414 2342 1495 2371 au-

112 2389 234 2447 ferri‚
261 2391 334 2437 sed
358 2410 451 2438 eam
475 2393 600 2438 etiam
616 2392 994 2456 pulchritudinem
1017 2412 1148 2458 quam
1170 2412 1271 2440 cum
1292 2406 1410 2440 recto
1427 2395 1495 2442 la-

114 2473 202 2508 tere
226 2474 350 2509 terrae
372 2464 548 2510 luminis
569 2465 716 2528 potuit
739 2465 900 2511 habere
921 2483 1211 2512 communem.
1245 2467 1370 2511 Hane
1395 2484 1495 2527 ergo

116 2532 328 2591 auferens,
345 2545 386 2580 et
403 2535 456 2580 dc
475 2545 594 2580 recto
615 2552 800 2599 pravum
818 2535 995 2593 faciens,
1024 2547 1068 2582 ut
1094 2536 1361 2582 discordaret
1378 2538 1498 2601 quod

114 2604 413 2650 concordabat
431 2643 442 2662 ,
466 2616 507 2650 et
529 2606 784 2652 abhorreret
806 2608 927 2671 quod
953 2607 1221 2668 congruebat
1243 2645 1254 2664 ,
1282 2608 1501 2671 numquid

117 2673 311 2738 aliquam
335 2675 438 2721 inde
460 2676 645 2722 auferret
663 2677 964 2725 substantiam.
996 2678 1067 2725 Sic
1090 2695 1190 2739 ergo
1212 2678 1364 2725 discite
1383 2716 1393 2735 ‚
1415 2696 1503 2724 non

1293 2752 1366 2807 14.
