1795 3253
250 280 424 311 conum
460 281 661 310 messuit
698 279 999 318 mamertum,
1040 280 1126 308 ian.
1170 280 1261 310 xix,
1359 264 1454 321 [285

79 356 171 392 erat
188 345 402 410 populus‚
427 344 604 409 quando
623 344 705 390 sub
727 345 839 403 Lege
859 343 1187 389 custodiebatur
1208 343 1251 397 1;
1276 355 1316 390 et
1340 345 1459 409 quod

79 416 281 462 fidelibus
303 417 577 480 promittitur
599 415 641 461 in
668 413 862 474 judici0‚
903 418 992 474 jam
1028 414 1294 478 completum
1327 427 1388 461 est
1416 417 1460 462 in

80 487 291 551 exemplo,
318 505 396 551 per
411 504 510 532 eum
528 486 605 551 qui
626 488 782 545 Legem
802 495 843 530 et
868 485 1112 548 Prophetas
1138 503 1226 530 non
1245 488 1363 531 venit
1380 486 1460 533 sol-

81 574 194 612 vere‚
221 558 292 603 sed
320 557 572 621 adimplere.

143 629 237 675 XV.
266 629 548 692 Quapropter
592 627 806 691 quaeritur
839 626 1014 691 quidem
1054 626 1166 673 inter
1200 639 1461 674 scrutatores

80 711 326 746 sanctarum
352 700 701 763 scripturarum,
723 709 870 744 utrum
897 709 1064 745 tantum
1106 698 1320 761 profuerit
1346 700 1462 745 anti-

80 770 317 834 quisjustis
336 770 441 816 fides
468 770 631 833 passuri
655 781 696 816 et
718 769 1000 816 resurrecturi
1024 768 1216 825 Christi,
1241 786 1370 833 quam
1392 769 1460 815 vel

79 841 415 886 revelationibus
441 840 669 890 dicebant.
698 839 766 885 vel
806 840 849 885 in
870 838 1105 903 Prophetis
1128 839 1457 898 lntelligebant;

81 922 293 975 quantum
311 929 429 958 nunc
452 911 628 976 prodest
653 911 758 957 fides
782 911 894 974 passi
919 921 960 956 et
982 910 1226 956 resuscitati
1249 927 1258 954 :
1287 928 1340 955 an
1365 910 1460 973 ipsa

81 982 229 1028 effusio
252 982 469 1042 sanguinis
486 982 593 1042 Agni
615 981 710 1036 Dei,
735 998 834 1044 quae
850 981 962 1027 facta
982 991 1061 1036 est,
1089 980 1200 1025 sieut
1223 980 1313 1043 ipse
1330 979 1455 1035 dicit,

81 1071 162 1117 pro
182 1053 330 1098 multis
351 1054 394 1098 in
421 1053 711 1099 remissionem
742 1052 1074 1116 peccatorum2,
1101 1050 1268 1114 aliquid
1295 1050 1462 1095 utilita-

81 1125 134 1169 tis
160 1124 484 1187 etpurgationis
506 1123 572 1168 vel
592 1122 760 1168 dederit
777 1123 840 1167 vel
862 1123 1079 1169 addiderit
1101 1159 1112 1173 ,
1141 1122 1268 1167 etiam
1288 1121 1355 1176 iis,
1382 1121 1459 1185 qui

81 1195 168 1240 hoc
190 1193 390 1240 futurum
407 1194 644 1249 credentes,
665 1203 897 1256 antequam
917 1195 1053 1247 fieret,
1076 1210 1122 1237 ex
1145 1193 1230 1237 liae
1246 1192 1331 1236 vita
1355 1192 1459 1236 emi-

82 1276 329 1326 graverant;
353 1275 395 1310 et
435 1276 580 1310 utrum
618 1280 735 1309 mors
779 1268 870 1323 ejus
911 1264 963 1309 ad
1002 1264 1298 1308 liberationem
1332 1263 1459 1307 etiam

82 1347 275 1382 mortuos
298 1335 543 1382 visitaverit.
575 1334 658 1380 Sed
683 1350 800 1380 nunc
818 1335 941 1380 istam
961 1335 1243 1397 quzestionem
1270 1333 1334 1378 vel
1355 1351 1458 1395 per-

83 1406 312 1453 tractando
356 1406 591 1460 discutere,
633 1404 702 1450 vel
737 1403 903 1468 aliquid
933 1405 979 1450 in
1003 1422 1050 1449 ea
1074 1415 1293 1467 repertum
1330 1404 1457 1449 etiam

81 1476 382 1523 confirmando
407 1476 586 1521 definire
625 1485 667 1520 et
690 1474 869 1534 longum
908 1486 987 1529 est,
1019 1486 1060 1520 et
1093 1475 1198 1520 huic
1223 1475 1342 1538 operi
1371 1492 1457 1519 non

83 1565 383 1594 necessarium.

144 1619 262 1665 XVI.
283 1618 460 1663 Interim
478 1616 680 1663 adversus
693 1615 1006 1661 calumniosam
1023 1615 1287 1679 imperitiam
1311 1615 1456 1661 Fausti

82 1689 375 1735 demonstrare
390 1688 620 1740 suffecerit,
641 1696 805 1750 quanto
825 1703 967 1732 errore
985 1685 1184 1742 delirent,
1202 1686 1278 1750 qui
1297 1697 1460 1749 putant

81 1760 210 1820 signis
223 1759 584 1822 sacramentisque
603 1758 802 1813 mutatis,
826 1758 956 1802 etiam
982 1774 1045 1801 res
1069 1757 1182 1819 ipsas
1200 1774 1288 1802 esse
1313 1756 1461 1802 diver—

83 1848 164 1886 sas,
196 1847 304 1894 quas
328 1831 434 1875 ritus
468 1827 756 1892 propheticus
790 1826 1103 1890 praenuntiavit
1127 1827 1357 1890 promissas
1379 1863 1390 1881 ‚
1420 1838 1462 1872 et

82 1911 125 1946 et
159 1918 268 1965 quas
290 1901 398 1946 ritus
419 1899 690 1960 evangelicus
716 1897 991 1944 annuntiavit
1024 1897 1224 1960 impletas
1246 1915 1256 1942 z
1284 1909 1357 1942 aut
1386 1897 1463 1961 qui

84 1981 274 2027 censent,
301 1987 401 2017 eum
420 1987 485 2016 res
503 1970 666 2016 eaedem
689 1969 791 2023 sint,
827 1986 915 2014 non
949 1985 1018 2014 eas
1054 1967 1145 2013 aliis
1185 1969 1462 2013 sacramentis

85 2042 335 2088 annuntiari
372 2040 570 2087 debuisse
604 2039 857 2103 completas,
886 2055 1018 2102 quam
1042 2038 1092 2084 iis
1129 2039 1292 2103 quibus
1315 2038 1463 2084 adhuc

85 2112 360 2176 complendae
376 2112 805 2177 praenuntiabantur.
826 2110 997 2156 sienim
1016 2110 1108 2156 soni
1125 2110 1357 2156 verborum
1370 2111 1467 2174 qui-

84 2185 169 2231 bus
184 2184 424 2248 loquimur,
449 2201 531 2248 pro
556 2194 749 2246 tempore
764 2192 1116 2238 commutantur,
1143 2181 1380 2245 eademque
1401 2199 1465 2227 res

86 2254 210 2301 aliter
230 2255 481 2301 enuntiatur
501 2253 720 2310 facienda,
743 2253 866 2298 aliter
881 2252 1014 2309 facta,
1035 2252 1148 2298 sicut
1171 2251 1250 2298 ista
1267 2252 1360 2316 ipsa
1375 2251 1464 2297 duo

88 2326 221 2373 verba
239 2343 340 2390 quoe
361 2326 466 2382 dixi,
501 2324 700 2372 facienda
724 2335 766 2370 et
781 2323 912 2380 facta,
936 2341 1015 2370 nec
1048 2323 1231 2388 paribus
1250 2339 1472 2369 morarum

89 2396 344 2453 intervallis,
373 2414 463 2442 nec—
479 2396 630 2443 iisdem
656 2395 723 2441 vel
755 2393 931 2440 totidem
962 2394 1113 2440 litteris
1142 2393 1370 2458 syllabisve
1404 2409 1470 2438 so-

89 2477 307 2513 nuerunt:
334 2466 442 2531 quid
465 2468 623 2513 mirum
647 2466 680 2511 si
701 2465 792 2511 aliis
810 2466 1109 2530 mysteriorum
1124 2463 1354 2526 signaculis
1372 2480 1470 2527 pas-

90 2538 152 2583 sio
181 2548 223 2584 et
252 2538 506 2584 resurreetio
536 2537 702 2583 Christi
733 2536 881 2582 futura
918 2537 1128 2601 promissa
1151 2546 1237 2593 est,
1265 2534 1357 2582 aliis
1377 2538 1470 2596 jam

140 2621 151 2644 ¹
170 2621 276 2654 Galat.
291 2623 420 2671 111323.
435 2639 479 2648 -
494 2620 510 2643 2
532 2619 649 2654 Matth.
669 2631 756 2660 xxvi,
774 2621 831 2655 28,
