1795 3253
327 249 422 305 5214
737 264 772 294 5.
815 263 1058 296 1166651151
1094 262 1300 294 51156011

324 328 561 385 disserunt,
596 328 818 374 materiem
851 330 1089 393 quamdam
1128 345 1272 374 rerum
1299 328 1541 387 definiunt,
1580 332 1701 378 nullo

323 415 500 461 prorsus
523 397 654 444 modo
681 397 908 445 formatam
926 437 936 454 ‚
963 398 1035 445 sed
1061 399 1257 443 omnium
1281 400 1574 463 corporalium
1609 401 1702 448 for-

324 485 492 514 marum
518 486 722 531 capacem
742 486 752 513 2
773 485 873 531 quae
895 470 1072 533 quidem
1097 469 1141 514 in
1159 485 1393 532 corporum
1412 471 1702 518 mutabilitate

324 549 562 602 utcumque
582 539 859 598 cognoscitur
879 559 890 593 ;
914 557 1012 585 nam
1033 556 1112 602 per
1134 556 1175 584 56
1199 539 1338 600 ipsam
1358 558 1435 586 nec
1453 542 1600 587 sentiri
1623 559 1702 588 nec

322 610 503 669 intelligi
524 621 679 673 potest.
713 610 871 656 Verum
897 611 941 656 in
960 611 1045 656 hoc
1071 621 1213 655 errant
1237 611 1415 673 quidam
1441 612 1697 669 Gentilium,

323 680 441 743 quod
457 697 549 725 eam
579 691 783 744 tanquam
807 691 1066 727 coaeternam
1094 681 1184 725 Deo
1208 684 1480 741 conjungunt
1500 702 1511 736 ;
1532 693 1581 728 ut
1604 683 1702 729 haec

323 750 380 794 al)
403 749 475 794 illo
497 767 584 795 non
608 751 661 795 sit
677 787 687 806 ,
711 752 910 813 quamvis
929 751 984 796 ab
1002 751 1076 796 illo
1098 750 1308 796 formetur
1330 769 1339 795 :
1369 753 1487 815 quod
1515 753 1701 800 alienum

321 837 406 865 esse
433 839 454 865 a
479 821 683 877 veritate,
721 822 814 885 ipsa
847 822 1000 869 veritas
1022 821 1165 868 docet.
1209 822 1321 867 Ecce
1353 834 1496 869 tamen
1541 825 1703 887 quibus

321 891 506 951 Paganis
540 892 593 937 de
624 892 708 938 hac
744 893 836 956 ipsa
875 893 987 956 llyle
1019 892 1273 938 invenimini
1307 910 1392 939 esse
1430 894 1697 951 consimiles,

320 961 440 1025 quod
461 979 554 1008 eam
580 979 654 1008 vos
674 980 848 1026 quoque
872 980 998 1008 suum
1024 962 1186 1008 habere
1210 963 1481 1026 principium
1497 1001 1508 1019 ‚
1542 982 1620 1010 nec
1654 982 1703 1011 ex

322 1032 413 1077 Deo
432 1049 518 1078 esse
544 1032 784 1095 perhibetis
814 1051 823 1077 :
852 1043 893 1078 et
912 1033 955 1078 in
983 1032 1069 1078 hoc
1099 1049 1173 1078 vos
1193 1033 1387 1096 dispares
1409 1051 1495 1079 esse
1519 1034 1702 1081 diceba-

322 1101 398 1155 tis,
435 1103 667 1148 nescientes
693 1104 800 1166 quid
835 1103 1002 1150 dicatis.
1032 1104 1083 1148 In
1102 1104 1176 1149 illo
1203 1121 1302 1149 vero
1320 1142 1330 1160 ‚
1356 1105 1475 1167 quod
1498 1105 1618 1151 nulla
1640 1116 1702 1152 est

321 1172 427 1218 huic
453 1173 582 1235 115]ae
604 1173 742 1219 forma
764 1175 945 1238 propria
961 1212 971 1229 ‚
990 1192 1068 1220 nec
1088 1175 1170 1220 nisi
1188 1194 1211 1221 a
1232 1176 1322 1220 Deo
1340 1176 1519 1222 formari
1538 1187 1696 1239 potest,

321 1254 480 1289 nostrae
505 1244 568 1289 illi
593 1245 762 1290 veritati
791 1245 1067 1291 consentiunt
1098 1263 1108 1290 :
1139 1264 1161 1291 a
1186 1257 1324 1291 vestra
1349 1257 1491 1292 autem
1518 1246 1701 1293 falsitate

322 1313 607 1368 (lissentiunt3
636 1315 711 1378 qui
735 1315 968 1361 nescientes
994 1315 1099 1378 quid
1121 1316 1175 1361 sit
1193 1316 1305 1379 Hyle
1321 1354 1331 1371 ‚
1351 1317 1396 1362 id
1411 1328 1489 1373 est,
1518 1318 1626 1381 quid
1648 1319 1702 1364 sit

321 1401 463 1430 rerum
490 1387 686 1431 materies
699 1423 709 1441 ‚
727 1397 895 1445 gentem
920 1387 1197 1432 tenebrarum
1219 1404 1312 1432 eam
1332 1387 1498 1445 dicitis,
1518 1388 1595 1434 ubi
1612 1406 1701 1435 non

321 1454 458 1501 solum
482 1456 706 1502 distinctas
723 1457 916 1520 quinque
936 1457 1167 1516 generibus
1183 1457 1520 1504 innumerabiles
1538 1475 1700 1522 corpo-

321 1543 418 1571 rum
457 1526 615 1571 sormas
631 1564 641 1582 ‚
686 1527 969 1572 verumetiam
1007 1539 1192 1573 mentem
1245 1528 1506 1574 constituitis
1539 1527 1700 1575 horum

320 1613 555 1660 corporum
580 1597 871 1643 formatricem
887 1618 897 1651 3
915 1608 956 1643 et
976 1597 1095 1660 quod
1109 1609 1169 1643 est
1184 1598 1426 1661 imperitius
1440 1636 1451 1655 ,
1468 1598 1534 1644 vel
1554 1599 1700 1662 potius

320 1667 562 1713 dementius
576 1704 585 1722 ‚
605 1667 743 1730 ipsam
761 1668 894 1728 magis
914 1679 1099 1713 mentem
1126 1668 1270 1714 dicitis
1283 1669 1444 1732 Hylen,
1463 1686 1593 1732 quam
1611 1686 1700 1715 non

318 1738 497 1784 {ormari
515 1776 524 1793 ‚
551 1738 623 1783 sed
656 1738 842 1784 formare
864 1739 1120 1802 perhibetis.
1158 1739 1268 1784 Nam
1300 1740 1333 1784 si
1360 1751 1464 1785 esset
1494 1740 1558 1785 ibi
1582 1757 1699 1787 mens

319 1808 522 1871 qua‘clam
547 1808 738 1853 formans
755 1846 765 1864 ‚
793 1819 834 1853 et
857 1808 1065 1854 elementa
1099 1825 1307 1871 corporea
1332 1827 1431 1873 quae
1454 1809 1698 1855 formaren-

323 1888 390 1923 tur
408 1915 418 1933 ,
442 1878 515 1923 illa
545 1878 754 1924 elementa
779 1878 965 1924 dicenda
987 1889 1122 1924 essent
1153 1879 1287 1941 Hyle,
1309 1879 1354 1924 id
1379 1890 1468 1933 est,
1501 1880 1698 1925 materies

319 1966 448 2011 quam
481 1949 685 1995 formaret
708 1948 858 1995 eadem
891 1966 1032 2002 1116115,
1054 1966 1185 2012 quam
1210 1960 1396 1995 mentem
1428 1949 1697 2013 principium

319 2020 419 2065 mali
444 2038 528 2066 esse
554 2020 698 2067 vultis.
736 2021 832 2065 Hoc
863 2020 896 2065 si
925 2020 1150 2076 diceretis,
1179 2037 1264 2065 non
1296 2020 1472 2084 quidem
1508 2020 1696 2066 multum

318 2091 573 2136 erraretisin
597 2107 647 2135 60
672 2089 792 2153 quod
816 2100 877 2135 est
901 2090 1032 2152 Ityle,
1056 2090 1136 2135 nisi
1155 2090 1272 2153 quod
1294 2090 1385 2153 ipsa
1409 2106 1583 2154 quoque
1606 2090 1696 2135 ele—

318 2172 484 2215 menta,
512 2161 709 2224 quamvis
732 2161 778 2206 in
812 2160 915 2206 alias
940 2160 1098 2206 formas
1132 2159 1384 2216 formanda,
1417 2170 1561 2206 tamen
1591 2159 1696 2224 quia

314 2235 401 2291 jam
428 2231 635 2277 clementa
659 2241 818 2285 essent,
839 2241 879 2275 et
903 2231 1128 2293 speciebus
1158 2229 1346 2293 propriis
1376 2229 1695 2289 distingueren-

319 2313 408 2357 tur,
430 2302 543 2366 Hyle
568 2319 655 2347 non
680 2312 839 2357 essent,
867 2302 968 2365 quia
986 2301 1059 2347 illa
1080 2312 1142 2347 est
1162 2317 1336 2364 prorsus
1359 2300 1554 2346 informis
1576 2317 1586 2345 :
1615 2317 1694 2346 ve-

317 2383 562 2419 rumtamen
581 2372 816 2418 tolerabilis
830 2383 936 2418 essct
954 2372 1170 2435 imperitia
1184 2382 1323 2417 vestra
1338 2409 1349 2424 ,
1367 2371 1469 2435 quia
1486 2388 1578 2416 eam
1594 2387 1694 2434 quae

314 2443 599 2494 formaretur,
627 2460 715 2488 non
746 2459 839 2487 eam
875 2460 973 2506 quae
1013 2442 1249 2497 formaret,
1281 2441 1424 2504 Hylen
1457 2440 1688 2486 diceretis:

317 2513 389 2559 sed
422 2524 565 2559 tamen
589 2514 714 2559 etiam
754 2514 814 2558 sic
838 2530 887 2558 eo
916 2512 1166 2558 teneremini
1194 2511 1292 2557 vani
1318 2522 1447 2575 atque
1468 2510 1688 2570 sacrilegi,

313 2584 416 2649 quia
442 2585 674 2631 nescientes
695 2600 867 2631 omnem
891 2582 1071 2630 modum
1097 2592 1350 2629 naturarum
1375 2597 1692 2646 numerumque
