1795 3253
321 287 413 346 408
743 305 776 334 s.
823 304 1061 335 Atousrini
1100 303 1303 334 liviscopl

314 371 447 417 ciant.
469 369 523 415 ad
536 369 791 433 explendam
810 380 975 415 tantum
993 369 1218 415 libidinem
1254 368 1446 416 foeminis
1462 371 1690 436 impudica

310 442 617 501 conjunctione
647 441 903 493 miset-ntum
931 441 1039 486 filios
1075 451 1218 486 autem
1240 441 1363 487 inviti
1406 443 1684 506 suscipiunt,

312 513 616 577 propterquod
641 513 780 559 solum
805 516 1007 573 conjugia
1026 512 1277 575 copulanda
1309 525 1420 560 suut.
1460 515 1694 571 Quomodo

310 601 411 644 ergo
434 602 517 629 non
548 583 755 646 prohibes
777 584 937 629 nubere.
958 584 993 636 1,
1020 583 1137 647 quod
1163 583 1217 628 de
1245 594 1284 628 te
1304 594 1422 630 tanto
1458 596 1553 631 ante
1575 603 1694 649 prae-

307 655 413 700 dixit
438 655 696 718 Apostolus;
720 655 898 718 quando
936 655 980 700 id
1009 654 1179 699 conaris
1221 655 1388 701 auferre
1409 655 1462 702 de
1497 657 1661 720 nuptiis
1681 694 1692 713 ,

306 726 421 771 unde
455 737 555 771 sunt
580 726 774 789 nuptiae')
797 726 896 783 Quo
921 726 1085 780 ablato,
1118 726 1261 771 mariti
1289 738 1416 772 erunt
1438 729 1626 791 turpiter
1645 745 1696 773 a-

307 809 508 853 matores,
535 798 777 843 meretrices
797 814 968 846 uxores.
989 797 1169 842 thalami
1188 796 1391 853 fornices,
1420 799 1554 844 soceri
1571 799 1696 845 leno-

303 886 390 915 nes.
421 870 480 914 Ac
499 870 678 932 perhoc
697 869 949 914 etiamillud
968 878 1260 932 preeceptum,
1282 869 1403 932 quod
1423 881 1514 916 est:
1548 891 1568 911 c<
1599 871 1697 916 Non

302 960 323 980 υ
347 939 567 985 occides2.
596 963 613 981 n
632 957 677 984 ex
698 939 889 998 ejusdem
915 940 1077 985 erroris
1100 940 1377 1003 perversitate
1402 958 1490 986 non
1530 958 1688 988 servas.

305 1010 422 1056 Dum
443 1011 554 1055 enim
577 1011 766 1055 timesne
798 1010 867 1055 dei
896 1011 958 1055 tui
998 1012 1243 1056 membrum
1284 1011 1440 1071 ligetur
1464 1012 1508 1057 in
1533 1028 1663 1058 carne
1682 1049 1693 1068 ,

303 1097 390 1126 non
419 1080 709 1126 dasesurienti
737 1099 922 1144 panem:
954 1082 1025 1127 hic
1044 1081 1282 1127 formidans
1312 1082 1599 1128 homicidium
1616 1081 1695 1128 fal-

305 1169 419 1200 sum.
442 1151 530 1197 iilic
555 1163 810 1215 perpetrans
835 1170 999 1199 verum.
1042 1154 1193 1216 ltaque
1219 1154 1252 1197 si
1282 1154 1478 1198 incurras
1515 1153 1560 1199 in
1598 1169 1697 1199 cum

305 1221 571 1277 famelicum,
597 1225 673 1287 qui
700 1224 807 1268 mori
829 1225 981 1286 possit,
1003 1224 1082 1269 nisi
1110 1225 1258 1269 cibum
1297 1224 1559 1287 porrigendo
1592 1225 1695 1270 sub·

306 1294 476 1346 venias3
506 1298 596 1353 jam
628 1307 675 1340 tu
710 1294 933 1340 homicida
959 1295 1170 1340 teneberis
1191 1306 1265 1340 aut
1294 1296 1384 1354 lege
1411 1295 1511 1351 Dei,
1553 1295 1586 1340 si
1610 1312 1697 1341 non

307 1362 491 1418 dederis,
526 1364 700 1423 autlege
727 1364 988 1420 Manichaei,
1011 1365 1043 1410 si
1067 1364 1249 1412 dederis.
1280 1365 1399 1422 Quid
1426 1376 1582 1411 caetera
1605 1366 1697 1411 De-

309 1434 446 1494 calogi
462 1446 700 1499 praecepta,
725 1435 947 1498 quomodo
965 1437 1184 1482 servabis?
1208 1439 1272 1482 An
1287 1454 1307 1481 a
1324 1435 1442 1482 furto
1463 1436 1694 1490 abstineas,

312 1516 359 1550 ut
378 1506 519 1551 nescio
539 1506 636 1569 quis
669 1524 824 1569 panem
846 1544 856 1560 ,
882 1524 954 1552 seu
972 1507 1370 1570 quamlibetescam
1387 1507 1429 1553 in
1450 1507 1534 1552 suis
1559 1507 1698 1553 visce-

310 1577 431 1622 ril)·1s
453 1577 758 1623 trucidandam
787 1577 963 1623 devoret
987 1579 1149 1641 potius,
1178 1595 1311 1641 quain
1337 1589 1402 1633 tu,
1427 1579 1459 1623 si
1480 1579 1630 1642 possis,
1655 1578 1692 1623 ei

314 1647 550 1709 subripias,
576 1658 704 1710 atque
744 1647 797 1693 ad
822 1648 1039 1693 officinam
1061 1649 1222 1693 ventris
1245 1648 1492 1694 lileetorum
1523 1660 1696 1694 tuorum

310 1735 475 1771 curras,
506 1728 553 1762 ut
570 1716 687 1763 furto
714 1728 787 1764 tuo
813 1717 918 1763 deus
940 1728 1041 1764 tuus
1060 1737 1137 1766 nec
1155 1719 1385 1779 ingravius
1405 1718 1572 1765 incidat
1596 1719 1698 1765 vin-

311 1788 477 1838 culum,
493 1799 533 1833 et
554 1789 674 1852 quod
691 1789 902 1835 inciderat
919 1794 1128 1836 eruatur?
1152 1792 1289 1835 Porro
1310 1791 1342 1835 si
1356 1789 1561 1836 ineodem
1581 1789 1698 1836 furto

309 1859 695 1923 comprehendaris
715 1897 725 1915 ,
754 1878 896 1905 nonne
919 1878 995 1923 pei·
1037 1861 1179 1924 ipsum
1209 1860 1341 1907 deum
1365 1872 1508 1914 tuum,
1538 1878 1628 1906 non
1652 1871 1694 1907 te
1711 1880 1721 1883 ·

313 1931 745 1991 abstulissejurabisP
762 1931 881 1988 Quid
903 1932 1019 1977 enim
1046 1932 1127 1977 tihi
1152 1932 1347 1978 facturus
1367 1943 1428 1977 est
1452 1932 1547 1977 talis
1572 1932 1694 1988 deus,

314 2001 384 2047 eui
405 2001 542 2047 dicis:
566 2002 735 2047 Falsum
755 2003 901 2061 juravi
923 2019 999 2065 per
1018 2013 1079 2059 te,
1101 2003 1174 2049 sed
1199 2020 1279 2067 pro
1304 2013 1359 2059 te,
1378 2003 1459 2049 nisi
1483 2002 1627 2059 velles,
1650 2014 1700 2049 ut

318 2072 492 2118 exitium
523 2073 601 2118 tibi
621 2073 841 2127 inferrem,
866 2072 971 2118 dnm
998 2073 1212 2119 honorem
1236 2073 1473 2119 deferrem?
1499 2074 1562 2119 lta
1586 2084 1627 2118 et
1644 2073 1700 2120 il-

315 2142 388 2187 lud
414 2143 667 2189 mandatum
689 2144 811 2201 Legis
831 2161 840 2188 ε
865 2165 884 2183 c<
904 2145 965 2188 Ne
987 2144 1138 2190 salsum
1159 2143 1449 2190 testimonium
1473 2143 1593 2190 dicas
1610 2144 1646 2201 3,
1677 2166 1698 2186 »

312 2223 494 2276 propter
519 2213 713 2259 membra
738 2214 807 2259 dei
845 2213 904 2259 tui
943 2214 1004 2260 sic
1024 2226 1292 2271 contemnes,
1316 2226 1364 2261 ut
1385 2232 1537 2261 canon
1557 2214 1698 2262 solum

308 2285 569 2340 testimonio,
594 2284 666 2330 sed
686 2295 727 2329 et
744 2289 992 2345 juramento
1007 2286 1112 2332 falso
1131 2287 1184 2333 de
1199 2285 1492 2350 compedibus
1514 2286 1688 2334 liberes.

306 2359 506 2402 Jamvero
517 2355 634 2419 quod
647 2357 840 2419 sequitur
856 2375 865 2401 ε
882 2379 900 2398 (ι
916 2359 1012 2403 Non
1024 2358 1304 2422 concupisces
1316 2375 1488 2403 uxorem
1504 2357 1696 2421 proximi

310 2448 330 2467 n
351 2427 409 2472 tui
426 2426 767 2490 ·‘⁸,»debetapud
788 2438 827 2473 te
851 2428 1020 2491 impleri
1045 2440 1115 2474 :et
1140 2429 1227 2474 hoc
1251 2445 1389 2474 unum
1408 2427 1550 2484 video,
1577 2428 1697 2491 quod

311 2498 424 2545 nulla
457 2499 518 2544 tui
552 2499 708 2545 erroris
732 2500 980 2546 necessitate
1009 2500 1172 2547 violare
1196 2500 1376 2561 cogaris.
1420 2499 1503 2545 Sed
1525 2499 1557 2546 si
1578 2499 1695 2546 nefas

354 2599 362 2620 ¹
390 2611 399 2629 x
422 2599 491 2630 Tim
527 2601 619 2635 1v‚.3.
639 2597 715 2622 —2
734 2599 838 2632 Exod.
867 2611 922 2635 xx,
948 2602 998 2633 13.
1025 2618 1066 2625 —-
1097 2598 1111 2622 3
1142 2600 1224 2632 Ibid.
1252 2602 1312 2638 16,
1342 2605 1374 2632 et
1396 2599 1492 2633 Dent.
1519 2611 1549 2637 v,
1582 2611 1634 2641 ‘9·
1652 2617 1697 2623 —

310 2652 323 2676 ⁴
344 2652 444 2687 rzxod.
471 2655 815 2691 xx‚17.etDeut,v,
836 2663 886 2684 20.
