1795 3253
305 254 397 309 404
727 262 762 292 s,
806 257 1051 289 Aucusrim
1069 254 1292 285 ·13rlsc01²1

306 332 468 395 quibus
498 328 569 374 ille
602 342 713 373 unus
744 324 1116 385 circumcingitur.
1154 322 1294 379 Quem
1331 321 1554 386 quomodo
1591 321 1679 366 im-

304 416 499 446 mensum
515 396 700 450 faciatis,
717 413 844 460 quem
861 396 918 442 sic
934 393 1252 440 circumdatum
1272 392 1432 448 dicitis,
1453 407 1680 455 nunquam
1745 448 1754 457 P

304 471 495 517 invenire
527 467 741 532 potuistis,
782 465 992 526 Adjungis
1016 466 1143 511 etiam
1174 463 1508 510 innumerabiles
1535 461 1682 522 regni„

309 540 440 589 colas,
474 550 515 585 et
543 538 721 584 deorum
750 537 939 596 agmina.
972 546 1013 581 et
1039 534 1299 594 Angelorum
1330 534 1530 580 cohortes
1551 551 1562 578 z
1583 548 1683 596 quae

307 613 450 658 omnia
475 628 561 656 non
586 607 828 655 condidisse
852 606 959 653 dicis
984 608 1140 654 Deum.
1170 605 1243 651 sed
1277 605 1329 651 de
1349 623 1424 652 sua
1445 604 1684 651 substantia

307 682 513 743 genuisse.

371 753 446 799 Vl.
490 753 557 798 Ita
589 749 859 797 convinceris
895 747 1232 794 innumerabiles
1265 747 1366 793 deos
1397 745 1557 798 colere,
1600 762 1687 791 non

304 823 480 871 ferendo
501 839 649 869 sanam
669 821 934 875 doctrinam,
961 837 1044 883 qua
1065 818 1250 865 docetur
1280 835 1392 864 unus
1411 818 1464 864 de
1486 834 1572 863 uno
1598 818 1689 862 Deo

305 906 429 942 natus
460 894 614 941 Filius.
641 903 683 938 et
710 892 935 954 utriusque
962 891 1151 954 Spiritus
1181 900 1368 936 sanctus.
1399 889 1521 946 Quos
1545 899 1691 935 tamen

307 984 394 1013 non
417 965 556 1011 solum
580 962 935 1016 innumerabiles,
966 960 1040 1007 sed
1074 978 1151 1006 nec
1185 970 1267 1006 tres
1301 962 1416 1006 Deos
1442 960 1504 1006 fas
1527 972 1589 1006 est
1619 959 1692 1006 di-

307 1054 401 1083 cere
422 1054 432 1081 ε
454 1051 641 1099 quorum
671 1044 733 1078 est
758 1050 846 1078 non
881 1031 1020 1077 solum
1048 1048 1133 1081 una
1160 1031 1398 1095 eademque
1430 1030 1689 1086 substantia,

309 1107 381 1152 sed
410 1107 540 1152 etiam
568 1122 652 1150 una
680 1103 917 1166 eademque
952 1102 1165 1166 operatio,
1201 1119 1279 1165 per
1300 1103 1439 1165 ipsam
1468 1103 1693 1166 propriam

309 1194 442 1224 unam
471 1174 754 1237 eamdemque
776 1173 1081 1227 substantiam,
1109 1190 1187 1236 per
1207 1182 1449 1218 creaturam
1470 1189 1570 1218 vero
1594 1189 1695 1218 cor-

308 1247 503 1312 poralem
547 1245 675 1290 etiam
711 1243 1021 1289 demonstratio
1054 1243 1338 1303 singulorum.
1379 1243 1485 1288 Haec
1525 1254 1571 1288 tu
1609 1260 1697 1289 non

307 1317 526 1377 intelligis,
551 1332 637 1360 non
663 1315 782 1377 capis
803 1331 813 1358 :
836 1313 956 1368 novi,
985 1313 1113 1376 plena
1127 1330 1186 1365 es,
1210 1313 1425 1359 inebriata
1451 1331 1512 1369 es,
1540 1313 1696 1373 ingur-

312 1389 445 1449 gitata
480 1404 522 1432 es
558 1383 759 1430 fabuloso
798 1383 1037 1443 sacrilegio.
1082 1384 1259 1444 Digeras
1296 1383 1532 1447 aliquando
1577 1384 1698 1448 quod

312 1457 503 1511 exhalas‚
528 1467 568 1502 et
591 1466 628 1500 te
644 1458 733 1514 jam
755 1455 939 1500 obruere
966 1453 1124 1501 talibus
1152 1454 1319 1500 desinas
1341 1473 1351 1499 ι
1374 1456 1547 1501 interim
1574 1468 1699 1502 canta

315 1529 434 1595 quod
462 1537 632 1575 cantas„
662 1536 703 1570 et
727 1525 914 1588 inspice,
945 1525 977 1570 si
1004 1535 1155 1588 potes,
1183 1525 1372 1571 dedecus
1404 1525 1702 1572 ibi-nicationis

318 1613 418 1647 tuae.
447 1598 654 1644 lnvitaxit
672 1596 787 1641 enim
811 1606 850 1640 te
870 1595 1070 1641 doctrina
1093 1595 1409 1641 daemoniorum
1440 1597 1702 1642 mendacilo—

315 1687 503 1737 quorum
534 1668 588 1714 ad
617 1670 739 1713 fictas
769 1666 921 1712 domos
942 1667 1213 1727 angelorum,
1250 1669 1326 1714 ubi
1352 1669 1428 1714 ssat
1453 1686 1557 1714 aura
1585 1668 1704 1714 salu-

317 1743 428 1798 bris,
456 1752 497 1786 et
523 1740 577 1786 ad
605 1737 809 1801 campos¹
835 1738 911 1783 ubi
937 1748 1103 1783 scatent
1135 1749 1345 1796 aromata,
1374 1745 1499 1800 cujus
1531 1741 1705 1786 arbores

321 1825 365 1861 et
391 1821 581 1866 montes,
622 1809 755 1854 maria
789 1818 832 1853 et
870 1808 1080 1864 ssumina,
1118 1808 1246 1855 dulce
1273 1821 1423 1856 nectar
1445 1811 1589 1858 fluunt
1628 1828 1707 1874 per

321 1894 481 1931 cuncta
507 1879 680 1926 saecula.
709 1879 764 1923 Et
781 1878 1002 1924 credidisti
1021 1889 1064 1924 et
1083 1880 1240 1925 finxisti
1264 1879 1362 1927 haec
1387 1882 1430 1927 in
1459 1882 1588 1929 corde
1612 1893 1703 1938 tuo,

323 1955 402 2001 ubi
425 1951 547 2000 vanis
570 1948 949 1996 recordationibus
980 1948 1194 1994 luxuriata
1224 1960 1264 1996 et
1289 1951 1494 1998 dissoluta
1512 1953 1700 2013 jacteris.

326 2026 440 2071 Cum
464 2022 579 2068 enim
603 2019 805 2084 quaedam
832 2018 933 2064 talia
953 2018 1163 2065 dicuntur
1185 2018 1239 2065 de
1261 2019 1472 2067 ineffabili
1493 2023 1709 2070 affluentia

326 2092 590 2160 spiritalium
614 2088 888 2145 deliciarum,
914 2090 1062 2154 utique
1081 2089 1127 2135 in
1148 2090 1377 2150 aenigmate
1397 2091 1623 2150 dicuntur,
1650 2095 1707 2140 ita

327 2177 378 2212 nt
404 2162 573 2210 noverit
600 2161 768 2206 animus
787 2161 864 2224 qui
890 2160 1050 2207 talibus
1076 2172 1311 2217 exercetur,
1342 2180 1429 2208 esse
1449 2163 1567 2211 aliud
1590 2164 1707 2229 quod

331 2236 394 2283 ibi
424 2231 709 2299 quaerendum
731 2242 772 2276 et
796 2231 1122 2292 intelligendum
1155 2233 1236 2289 sit,
1263 2233 1350 2279 sive
1373 2237 1592 2299 corporeis
1612 2254 1711 2283 sen-

331 2308 451 2354 sibus
475 2305 520 2350 in
539 2303 720 2348 veritate
747 2303 965 2366 corporali
992 2303 1074 2350 tale
1097 2303 1203 2368 quid
1229 2303 1571 2364 demonstretur,
1603 2308 1713 2354 sicut

331 2378 440 2439 ignis
458 2377 501 2422 in
522 2374 654 2429 rubo,
682 2384 724 2418 et
742 2373 795 2419 de
818 2375 935 2435 virga
954 2393 1127 2440 serpens
1148 2386 1189 2423 et
1208 2375 1261 2422 de
1279 2389 1474 2440 serpente
1498 2379 1649 2440 virga2
1672 2391 1715 2426 et

333 2448 480 2495 tunica
510 2444 686 2490 Domini
717 2462 738 2489 a
763 2447 1114 2508 persecutoribus
1137 2464 1226 2493 non
1253 2445 1409 2504 divisa,
1435 2460 1478 2494 et
1506 2450 1714 2515 obsequio

327 2516 522 2567 mulieris
553 2515 703 2563 unctio
724 2514 886 2579 pedum
911 2528 985 2563 aut
1013 2518 1168 2582 capitis
1191 2521 1298 2577 ejus,
1328 2529 1367 2564 et
1395 2519 1570 2566 frondes
1594 2521 1715 2567 mul-

377 2606 388 2628 Ι
407 2605 499 2634 Forte
515 2601 555 2634 ad
573 2612 730 2645 eampum.
745 2621 785 2626 --
803 2600 818 2623 2
840 2604 938 2635 Exod.
956 2616 994 2635 m
1009 2611 1038 2635 et
1053 2616 1094 2638 iv.
