1795 3253
342 240 433 285 512
743 251 778 281 s.
822 250 1062 281 Auous‘rlm
1100 251 1317 283 izrlscom.

342 319 462 366 carni
482 355 492 374 ‚
516 333 603 362 non
623 326 790 362 tantum
815 316 1039 362 hominum
1056 354 1066 372 ,
1109 318 1386 363 verumetiam
1411 317 1648 363 bestiarum
1676 328 1718 364 et

342 387 682 436 vermiculorum
705 387 976 433 notissimum
1001 387 1147 432 lumen
1173 387 1387 434 intuentes
1403 425 1414 445 ‚
1441 405 1488 434 ex
1504 388 1579 434 illo
1610 405 1719 434 con-

344 470 517 524 ceptam
541 457 672 504 corde
702 457 977 521 phantasiam
1003 457 1048 502 in
1072 457 1330 504 immensum
1357 459 1497 505 soletis
1533 475 1685 519 augere
1704 496 1715 514 ,

343 543 386 578 et
405 549 499 577 eam
522 530 664 577 lucem
687 528 830 574 dicere
851 529 929 575 ubi
955 530 1068 574 Deus
1089 530 1217 574 Pater
1244 529 1419 576 habitat
1444 546 1545 576 cum
1574 531 1721 589 regni-

345 603 450 649 colis
473 602 572 648 suis.
599 600 789 658 Quando
812 601 924 646 enim
944 600 1201 646 discrevistis
1218 601 1360 647 lucem
1377 619 1463 666 qua
1485 602 1719 657 cernimus,

347 674 403 720 ab
438 691 487 720 ea
510 673 606 719 luce
637 689 723 736 qua
749 671 1057 732 intelligimus,
1098 688 1198 717 cum
1234 672 1353 718 aliud
1391 672 1504 718 nihil
1528 688 1723 736 unquam

348 743 604 808 putaveritis
623 760 710 789 esse
735 741 969 802 intelligere
990 742 1239 797 veritatem,
1265 743 1346 789 nisi
1368 743 1528 789 formas
1561 759 1724 806 corpo-

347 832 441 861 reas
462 815 649 876 cogitare
664 851 674 869 ‚
699 814 785 860 sive
810 813 950 858 finitas
969 850 979 867 ,
1008 813 1094 858 sive
1119 829 1165 858 ex
1191 813 1410 877 aliquibus
1430 812 1632 877 partibus
1651 813 1725 858 in-

350 887 520 940 finitas3
557 903 657 949 quae
694 885 837 931 inania
862 884 1168 947 phantasmata
1193 901 1278 930 esse
1302 885 1509 931 nescitis?
1534 883 1726 929 Proinde

351 975 453 1004 cum
468 968 638 1003 tantum
658 956 824 1002 intersit
839 956 949 1001 inter
973 955 1278 1015 cogitationem
1297 973 1383 1020 qua
1407 955 1550 1016 cogito
1567 964 1726 1000 terram

351 1028 529 1074 luminis
550 1038 735 1074 vestram
756 1043 855 1090 quae
875 1026 1052 1071 omnino
1080 1043 1294 1090 nusquam
1320 1037 1409 1082 est,
1440 1037 1481 1072 et
1505 1025 1728 1085 cogitatio-

351 1116 450 1144 nem
471 1115 559 1162 qua
581 1098 723 1158 cogito
754 1096 1053 1143 Alexandriam
1078 1114 1210 1159 quam
1236 1114 1461 1160 nunquam
1494 1096 1583 1142 vidi
1606 1132 1616 1151 ‚
1655 1094 1728 1140 sed

353 1180 498 1215 tamen
519 1179 609 1223 est;
637 1185 869 1230 rursusque
889 1179 1057 1213 tantum
1084 1168 1251 1214 intersit
1272 1169 1384 1214 inter
1402 1170 1525 1214 istam
1544 1183 1631 1230 qua
1652 1182 1730 1211 co-

353 1242 442 1301 gito
466 1238 769 1287 Alexandriam
795 1239 1080 1298 incognitam,
1105 1250 1145 1284 et
1168 1256 1259 1284 eam
1281 1256 1365 1302 qua
1383 1239 1525 1299 cogito
1544 1236 1730 1283 Cartha-

352 1312 493 1371 ginem
515 1311 733 1370 cognitam
769 1327 780 1354 ε
807 1309 864 1355 ab
887 1309 972 1354 hac
998 1326 1172 1373 quoque
1196 1310 1455 1370 cogitatione
1470 1346 1482 1365 ‚
1507 1325 1595 1372 qua
1615 1319 1731 1353 certa

354 1394 396 1428 et
414 1393 515 1427 nota
539 1397 725 1444 corpora
743 1380 887 1439 cogito
908 1417 918 1436 ‚
941 1379 1068 1439 longe
1093 1380 1493 1444 incomparabiliter
1516 1379 1645 1425 distat
1661 1393 1732 1423 co-

357 1453 508 1513 gitatio
537 1469 623 1515 qua
647 1450 839 1510 intelligo
859 1451 1074 1510 J'ustitiam
1092 1488 1102 1506 ,
1140 1451 1378 1497 castitatem
1396 1488 1407 1507 ‚
1434 1450 1588 1506 fidem,
1617 1447 1733 1494 veri-

358 1534 510 1579 tatem‚
528 1522 802 1575 charitatem,
825 1522 1088 1577 bonitatem‚
1112 1533 1152 1567 et
1175 1521 1392 1587 quidquid
1415 1519 1626 1582 ejusmodi
1640 1529 1729 1564 est:

359 1612 460 1659 quae
479 1594 682 1654 cogitatio
699 1593 846 1647 dicite,
868 1593 901 1638 si
920 1594 1117 1656 potestis,
1141 1594 1266 1657 quale
1281 1594 1426 1640 lumen
1452 1594 1533 1649 sit,
1558 1609 1644 1656 quo
1660 1590 1733 1636 illa

359 1665 505 1710 omnia
529 1662 841 1727 quaehocnon
865 1674 989 1719 sunt,
1032 1674 1072 1708 et
1104 1664 1215 1709 inter
1250 1681 1291 1709 se
1326 1664 1656 1718 discernuntur,
1693 1670 1735 1706 et

360 1745 573 1799 quantum
597 1732 654 1779 ab
688 1733 775 1778 hoc
810 1732 971 1778 distent
989 1769 1000 1789 ‚
1031 1733 1119 1778 fida
1148 1733 1491 1780 manifestatione
1515 1732 1736 1793 cognosci-

360 1816 433 1851 tur
455 1823 466 1850 :
493 1816 535 1850 et
557 1815 699 1850 tamen
716 1803 845 1849 etiam
866 1803 954 1849 hoc
971 1802 1119 1849 lumen
1133 1821 1221 1849 non
1239 1814 1302 1849 est
1319 1804 1465 1850 lumen
1487 1804 1597 1850 illud
1615 1802 1736 1867 quod

360 1877 477 1922 Deus
496 1886 584 1929 est;
612 1874 701 1920 hoc
727 1873 842 1919 enim
873 1884 1069 1919 creatura
1099 1884 1184 1926 est,
1218 1874 1397 1920 Creator
1421 1885 1482 1919 est
1506 1874 1608 1926 ille3
1649 1874 1736 1919 hoc

360 1948 526 1994 sactum
545 1983 556 2003 ,
582 1945 653 1992 ille
672 1944 748 2008 qui
767 1944 900 1999 fecit3
926 1943 1013 1989 hoc
1035 1943 1222 2007 denique
1248 1943 1458 1990 mutabile
1475 1982 1485 2000 ‚
1512 1944 1618 1990 dum
1643 1944 1738 1990 vult

357 2017 478 2084 quod
501 2016 696 2071 nolebat,
713 2025 755 2061 et
772 2015 853 2060 scit
868 2013 987 2077 quod
1002 2014 1240 2070 nesciebat,
1260 2025 1301 2059 et
1314 2014 1605 2060 reminiscitur
1617 2014 1737 2078 quod

359 2089 548 2136 oblitum
577 2097 692 2139 erat3
715 2084 825 2131 illud
850 2095 991 2130 autem
1013 2084 1363 2130 incommutabili
1383 2084 1606 2131 voluntate
1627 2123 1637 2142 ,
1658 2102 1737 2131 ve—

358 2161 488 2208 ritate
503 2197 514 2216 ,
543 2158 782 2205 aeternitate
803 2156 1009 2220 persistit3
1026 2166 1067 2201 et
1086 2156 1187 2201 inde
1210 2157 1336 2202 nobis
1353 2167 1415 2202 est
1431 2157 1605 2202 initium
1626 2157 1737 2202 exis-

360 2230 505 2286 tendi,
535 2228 644 2275 ratio
670 2225 986 2288 cognoscendi,
1017 2226 1081 2272 lex
1106 2227 1280 2273 amandi
1303 2247 1314 2281 3
1339 2226 1440 2273 inde
1462 2227 1664 2273 omnibus
1696 2237 1738 2273 et

362 2298 737 2348 irrationabilibus
756 2298 1051 2343 animantibus
1069 2308 1222 2343 natura
1235 2315 1321 2363 qua
1332 2298 1503 2353 vivunt,
1517 2298 1640 2358 vigor
1649 2315 1738 2362 quo

363 2372 557 2420 sentiunt
572 2408 582 2427 ‚
602 2380 748 2416 motus
766 2386 855 2433 quo
880 2380 1093 2433 appetunt
1110 2389 1120 2423 3
1143 2369 1243 2415 inde
1266 2370 1394 2415 etiam
1413 2370 1618 2416 omnibus
1635 2386 1738 2415 cor-

364 2445 548 2510 poribus
584 2457 785 2487 mensura
811 2451 857 2485 ut
884 2441 1149 2497 subsistant,
1191 2457 1397 2487 numerus
1421 2451 1470 2486 ut
1501 2451 1734 2497 ornentur,

362 2515 538 2581 pondus
561 2523 609 2559 ut
627 2511 897 2559 ordinentur.
930 2513 1084 2576 Itaque
1107 2512 1254 2558 lumen
1275 2512 1385 2558 illud
1409 2511 1599 2558 Trinitas
1620 2511 1738 2558 inse-

360 2585 598 2651 parabilis,
625 2599 737 2630 unus
762 2583 877 2631 Deus
905 2593 998 2641 est,
1030 2587 1157 2644 cujus
1190 2599 1267 2632 vos
1300 2582 1423 2630 nullo
1446 2597 1628 2646 corpore
1656 2580 1739 2628 ad-
