1795 3253
319 293 376 322 ⁸21)
739 288 772 318 5.
818 287 1059 319 At‘ousrlxl
1098 286 1297 318 urtscorl

313 355 482 415 ligionis
505 353 827 399 insinuatorem.
847 354 959 398 Ecce.
977 369 1041 398 res
1058 370 1166 398 nora
1187 362 1247 397 est
1263 369 1284 396 a
1304 350 1430 397 nobis
1448 352 1688 411 negotium-

314 435 673 489 quesusceptum.
700 423 935 480 Qucerendi
955 435 1055 469 sunt
1071 461 1080 472 .
1109 423 1238 468 credo
1255 460 1264 475 ,
1288 422 1419 481 liujus
1438 423 1496 468 rei
1515 459 1526 479 ,
1549 424 1583 468 si
1601 423 1687 469 ulla

313 508 371 541 est
392 534 402 545 .
430 496 701 559 professores.
743 496 825 540 Fac
852 512 928 540 nos
953 496 1156 557 reperisse
1181 494 1285 539 alios
1303 492 1419 538 aliud
1441 493 1684 556 opinantes,

311 579 351 613 et
370 567 614 612 diversitate
632 566 885 629 opinionum
902 565 954 611 ad
969 584 1009 611 se
1024 582 1239 629 quemque
1254 564 1424 609 trahere
1437 565 1684 627 cupientes3

311 640 380 683 sed
402 639 512 683 inter
533 638 611 683 lios
624 637 824 682 excellere¹
842 637 968 683 famae,
987 637 1157 682 interim
1177 635 1428 681 celebritate
1451 635 1683 698 quosdam.

312 720 438 774 atque.
461 709 653 754 omnimn
673 725 783 771 pene
807 708 1097 772 occupatione
1116 706 1396 771 populorum.
1433 706 1586 752 Utrum
1618 706 1687 751 isti

309 796 455 825 verum
476 789 661 829 teneant,
687 796 839 839 magna
857 778 1040 841 qua‘stio
1066 788 1126 822 est
1154 776 1254 822 :sed
1281 793 1423 822 nonne
1446 777 1568 840 prius
1589 787 1688 822 sunt

309 850 586 913 explorandi,
612 860 659 894 ut
677 849 873 912 quandiu
900 866 1092 895 erramus
1110 886 1119 896 .
1148 847 1363 911 siquidem
1390 848 1588 894 homines
1611 865 1687 894 su-

310 939 428 968 mas.
452 938 550 967 cum
570 921 665 983 ipso
687 938 836 980 genere
859 921 1050 966 humano
1075 936 1214 965 errare
1235 919 1491 965 videamur?

373 992 491 1037 M‘t.
536 993 588 1037 At
612 992 725 1036 enim
751 990 871 1055 apud
894 1008 1056 1053 paucos
1081 989 1292 1053 quosdam
1317 1000 1378 1035 est
1397 990 1565 1036 veritas.
1594 989 1688 1035 Seis

310 1080 410 1121 ergo
434 1066 524 1122 jain
549 1079 649 1125 qua*
675 1063 750 1109 sit.
775 1062 808 1107 si
831 1063 912 1107 scis
932 1061 1049 1124 apud
1069 1078 1177 1124 quos
1196 1061 1262 1107 sit.
1313 1061 1467 1106 Nonne
1498 1060 1687 1105 dixeram

307 1132 441 1210 paulo
464 1143 586 1180 ante
617 1143 664 1176 ut
686 1132 807 1195 quasi
827 1132 933 1177 iud«
928 1150 954 1176 5
978 1134 1300 1194 qu‘eteitinus‘?
1320 1130 1405 1176 Sed
1425 1130 1457 1176 si
1476 1131 1627 1193 exipsa
1646 1131 1688 1176 xi

309 1204 495 1248 xoritttis
529 1220 690 1280 paucos
723 1220 814 1248 eam
855 1213 996 1247 tenire
1031 1206 1276 1261 ‹onjectas‚
1323 1201 1400 1278 qui
1437 1217 1538 1247 v'eio
1569 1201 1684 1254 sint

307 1274 470 1327 nestis3
491 1273 650 1336 quidsi
675 1274 732 1319 ita
755 1274 887 1337 pauci
917 1283 1017 1318 sunt
1041 1273 1117 1335 qui
1136 1289 1284 1318 verum
1309 1272 1481 1328 sciunt,
1512 1282 1561 1317 ut
1580 1288 1688 1317 tuc-

309 1345 479 1389 toritate
502 1361 577 1390 sua
603 1344 924 1390 multitudinem
950 1354 1137 1399 te;‚nemt
1159 1343 1274 1388 unde
1299 1361 1339 1388 50
1362 1343 1409 1388 in
1429 1342 1502 1388 illa
1527 1353 1687 1388 secreta

306 1414 504 1477 expedire
522 1425 560 1460 et
577 1415 698 1478 quasi
713 1414 903 1478 eliquare
919 1415 1117 1478 paucitas
1137 1415 1298 1478 possiti)
1320 1415 1472 1459 Nonne
1491 1413 1687 1460 videmus

308 1502 438 1548 quam
454 1487 582 1548 pauci
601 1502 812 1530 summam
829 1485 1116 1548 eloquentiam
1133 1495 1470 1548 consequantur,
1492 1501 1591 1530 cum
1611 1502 1689 1547 per

307 1567 445 1602 totum
481 1557 629 1601 orbem
672 1557 895 1602 rhetorum
921 1556 1085 1602 scliolae
1109 1555 1450 1601 adolescentium
1486 1557 1688 1615 gregibus

307 1630 614 1689 perstrepant?
644 1626 972 1689 Numquidnam
995 1626 1297 1690 imperitorum
1321 1626 1539 1690 perterriti
1566 1625 1686 1672 niul-

310 1697 493 1742 titudine
515 1735 525 1753 ,
556 1696 822 1760 quicumque
846 1697 950 1742 boni
974 1707 1161 1742 oratores
1186 1696 1366 1743 evadere
1385 1695 1536 1742 volunt
1554 1733 1565 1751 ,
1591 1698 1686 1743 Cat-

309 1768 395 1812 cilii
423 1768 504 1812 sibi
529 1768 676 1831 potius
695 1805 704 1823 ,
736 1778 808 1813 aut
832 1767 980 1813 Erucii
1000 1768 1296 1824 orationibus,
1319 1784 1452 1831 quam
1475 1766 1686 1813 Tullianis

307 1838 552 1883 navandam
595 1856 771 1902 operam
803 1839 1073 1885 existimant?
1106 1839 1213 1884 Haec
1251 1848 1466 1902 appetunt
1504 1855 1650 1883 omnes
1671 1875 1683 1895 ,

307 1925 407 1971 qua*
433 1912 645 1967 majorum
665 1909 920 1955 auctoritate
944 1910 1114 1954 firmata
1139 1919 1253 1956 sunt.
1282 1909 1444 1954 Eadem
1465 1909 1686 1971 imperito-

312 1996 403 2024 rum
433 1990 474 2024 tu
485 1980 573 2024 rbae
603 1979 764 2025 discere
788 1980 1046 2035 moliuntur,
1079 1997 1179 2043 quae
1203 1998 1225 2024 a
1248 1980 1402 2043 paucis
1429 1979 1568 2025 doctis
1592 1978 1685 2024 dis-

306 2049 441 2094 cenda
461 2061 632 2113 recepta
658 2061 759 2095 sunt
785 2069 795 2096 ε
825 2061 1111 2114 assequuntur
1134 2062 1277 2096 autem
1297 2053 1532 2114 perpauci,
1552 2060 1687 2109 agunt

311 2120 555 2183 pauciores,
589 2119 833 2166 clarescunt
858 2121 1123 2183 paucissimi.
1161 2121 1280 2177 Quid
1306 2122 1339 2166 si
1365 2121 1448 2166 tale
1471 2119 1685 2184 quiddam

305 2201 367 2235 est
381 2207 479 2234 x‘era
494 2189 638 2248 religio
651 2193 669 2235 a
684 2190 803 2246 Quid
818 2191 851 2235 si
870 2190 1106 2236 multitudo
1122 2191 1422 2254 imperitorum
1440 2191 1685 2254 frequentat

305 2260 520 2306 eeclesiaS.
543 2260 614 2305 sed
634 2260 800 2306 nullum
820 2273 1120 2321 argumentum
1143 2273 1203 2307 est
1221 2299 1231 2315 ,
1254 2262 1352 2308 ideo
1370 2262 1584 2307 nemiuem
1602 2261 1684 2306 illis

306 2331 520 2394 mysteriis
544 2330 706 2376 facturn
728 2348 814 2376 esse
838 2331 1109 2395 perfectum?
1142 2334 1195 2377 Et
1220 2343 1360 2378 tamen
1378 2333 1411 2378 si
1438 2343 1524 2377 tam
1550 2333 1682 2395 pauci

305 2400 526 2446 studerent
546 2400 806 2464 eloquentia?
821 2439 832 2457 ,
855 2419 985 2465 quani
1008 2403 1141 2466 pauci
1163 2413 1263 2448 sunt
1279 2403 1524 2467 eloquentes
1539 2440 1550 2459 ,
1573 2419 1683 2448 nun-

306 2489 437 2535 quam
465 2488 542 2517 nos
564 2483 761 2535 parentes
782 2474 916 2518 nostri
940 2473 1154 2533 magistris
1182 2474 1342 2520 talibus
1366 2473 1682 2520 commendan-

304 2542 381 2587 dos
408 2553 624 2605 putarent.
668 2544 781 2588 Cum
812 2544 942 2603 igitur
972 2544 1025 2590 ad
1053 2545 1149 2590 haec
1174 2545 1315 2592 studia
1340 2562 1417 2591 nos
1440 2544 1678 2590 multitudo

304 2613 576 2667 invitaverit,
605 2631 706 2677 quae
737 2615 1036 2678 imperitorum
1073 2628 1192 2679 parte
1226 2617 1401 2680 copiosa
1438 2626 1522 2674 est,
1562 2626 1610 2663 ut
1632 2615 1678 2662 id
