1795 3253
287 210 381 273 374
713 224 747 254 5.
791 222 1037 254 Aucusrmr
1074 224 1277 256 Erlscom

289 293 541 340 testimoniis
566 292 890 356 Prophetarum
923 292 976 338 dc·
1002 293 1298 355 persecutione
1338 313 1488 357 regum
1525 308 1566 345 et
1589 317 1666 362 po-
1729 324 1733 332 ·

286 364 511 429 pulorum,
531 363 584 409 de
603 364 687 410 side
708 381 854 424 regum
876 375 917 410 et
937 363 1222 428 populorum,
1249 365 1301 412 de
1323 367 1556 415 abolitione
1576 369 1668 416 ido-

286 435 447 485 lorum,
474 434 527 479 (16
555 434 749 480 czecitate
778 434 1035 481 Judaeorum
1058 471 1068 483 .
1096 434 1149 480 (16
1173 437 1430 499 probatione
1466 439 1669 487 codicum

288 507 344 552 ab
363 506 467 569 ipsis
482 506 818 562 custoditorum,
836 507 890 553 de
909 507 1094 552 amentia
1114 506 1442 565 haereticorum,
1465 510 1518 556 de
1536 511 1670 557 excel-

283 577 414 623 lentia
438 588 599 624 sanctae
619 577 824 624 Ecclesiae
846 595 1046 624 verorum
1072 588 1113 622 et
1131 595 1436 637 germanorum
1459 581 1671 628 Christia-

290 665 475 704 norum,
504 659 600 694 inte
618 648 831 712 piaedicta
855 660 897 695 et
921 666 1038 694 nunc
1056 648 1233 712 impleta
1257 667 1435 715 conspr(
1439 664 1544 704 eret
1562 652 1669 716 quid

292 720 505 765 imeunct
531 719 615 766 side
639 719 829 780 dignius,
858 737 988 784 qumi
1016 719 1111 765 illos
1148 721 1408 784 Prophetis
1432 723 1595 785 quibus
1621 722 1675 769 (1(

297 789 524 837 divinittte
550 791 714 837 Christi
746 790 918 852 eligent
944 790 1144 836 cuderet)
1190 792 1360 838 Etenim
1387 793 1420 839 si
1441 804 1612 858 antequ
1606 811 1675 839 1111

297 863 376 908 ista
396 862 988 923 fierent,1110t1ercu1t.t1it111
1008 862 1252 926 l'ioplietls
1277 864 1482 910 llebraeos
1491 864 1677 927 ,quibus

299 950 347 979 ea
383 933 530 980 futura
554 901 774 989 9crederet,
801 952 901 998 qua}
937 935 1049 980 sacta
1074 934 1270 980 nondum
1311 935 1500 987 videret,
1526 936 1677 981 merito

299 1004 476 1051 fortasse
497 1006 680 1052 diceret:
701 1005 821 1063 Quid
844 1006 952 1051 1111111
975 1017 1035 1051 est
1055 1022 1155 1051 cum
1180 1006 1269 1051 istis
1293 1007 1544 1070 Prophetis,
1569 1023 1679 1070 quos

301 1075 415 1122 unde
444 1094 614 1123 veraces
648 1079 854 1142 probem,
890 1095 976 1123 non
998 1077 1395 1124 mihiostenditur9
1433 1080 1548 1125 Cum
1578 1095 1681 1123 vero

305 1157 387 1191 tam
410 1164 566 1207 magua
590 1159 732 1194 ettam
760 1148 897 1201 multa
917 1165 1014 1211 quae
1038 1148 1351 1211 pizffllixerunt,
1371 1153 1462 1209 jam
1483 1149 1536 1194 ad
1560 1149 1681 1194 effec-

304 1228 394 1262 tum
415 1217 890 1282 manifestationemque
906 1218 1119 1281 perducta
1148 1218 1249 1275 sint,
1273 1219 1400 1283 plane
1429 1220 1517 1272 1116,
1540 1220 1571 1265 51
1586 1236 1683 1283 per-

304 1306 449 1334 versus
470 1306 556 1335 6556
576 1289 728 1346 nollet,
768 1308 846 1336 nec
879 1291 958 1336 ista
977 1290 1066 1336 ullo
1100 1290 1230 1336 modo
1249 1302 1561 1347 contemneret,
1583 1307 1684 1355 quae

303 1370 424 1406 tanto
449 1371 546 1406 ante
561 1399 570 1417 ‚
593 1371 635 1406 et
659 1371 778 1406 tanto
806 1371 1022 1425 apparatu
1045 1398 1055 1416 ‚
1090 1361 1374 1425 praevidenda
1397 1372 1440 1407 et
1468 1379 1686 1426 praenun-

305 1430 453 1477 tianda
486 1433 784 1478 commendari
814 1443 1065 1479 meruerunt
1087 1470 1098 1489 ,
1125 1450 1204 1479 nec
1228 1433 1323 1479 illos
1347 1451 1367 1478 a
1394 1433 1556 1497 quibus
1574 1449 1687 1497 prae-

307 1502 444 1549 videri
463 1515 503 1548 et
519 1504 805 1567 praenuntiari
837 1514 1090 1568 potuerunt.
1120 1504 1261 1551 Nullis
1292 1505 1407 1550 enim
1428 1504 1689 1568 prudentius

310 1573 527 1621 credimus
545 1613 556 1630 ‚
582 1575 650 1630 vel
683 1575 737 1621 de
761 1575 993 1639 praeteritis
1019 1592 1120 1639 quae
1140 1575 1243 1621 olim
1275 1574 1390 1621 facta
1408 1586 1525 1631 sunt,
1549 1574 1613 1622 vel
1635 1573 1690 1620 de

309 1645 468 1692 futuris
492 1663 593 1710 quae
615 1646 813 1694 nondum
830 1645 945 1693 facta
957 1657 1076 1703 sunt,
1095 1664 1226 1711 quam
1243 1647 1302 1692 eis
1320 1647 1399 1712 qui
1420 1647 1546 1693 nobis
1558 1646 1689 1692 fidem

310 1717 546 1764 verborum
573 1735 751 1765 suorum
774 1729 861 1764 tam
885 1718 1034 1764 multis
1052 1729 1226 1782 tamque
1242 1720 1424 1778 magnis,
1444 1735 1545 1783 quae
1560 1718 1615 1764 ab
1633 1717 1691 1763 eis

308 1790 626 1852 praedictajam
651 1789 766 1836 facta
783 1801 901 1846 sunt,
930 1791 1242 1854 probaverunt.

375 1861 468 1907 XV.
501 1860 670 1924 Sibylla
693 1878 846 1925 porro,
868 1861 936 1908 vel
957 1860 1157 1924 Sibyllae,
1178 1872 1220 1906 et
1247 1860 1472 1924 Orpheus,
1495 1871 1536 1906 et
1549 1861 1692 1907 1165610

313 1931 410 1995 quis
428 1932 623 1988 Hermes,
643 1943 684 1978 et
703 1933 737 1978 si
751 1932 827 1996 qui
846 1932 919 1978 alii
939 1943 1054 1978 vates
1067 1931 1135 1977 vel
1158 1931 1366 1992 theologi,
1382 1931 1449 1978 vel
1463 1932 1692 1996 sapientes,

315 2004 383 2050 vel
394 2003 650 2068 philosophi
665 2003 857 2063 gentium
872 2002 926 2049 de
944 2002 1052 2049 Filio
1071 2003 1168 2058 Dei,
1184 2012 1260 2048 aut
1282 2002 1336 2048 de
1351 2003 1480 2048 Patre
1495 2003 1585 2049 Deo
1595 2019 1695 2049 vera

309 2075 556 2140 praedixisse
571 2092 643 2121 seu
658 2074 809 2120 dixisse
826 2074 1136 2138 perhibentur,
1149 2074 1262 2121 valet
1272 2073 1449 2138 quidem
1463 2073 1627 2138 aliquid
1641 2073 1695 2120 ad

309 2164 580 2211 paganorum
592 2141 824 2192 vanitatem
839 2145 1165 2202 revincendam,
1184 2162 1270 2190 non
1284 2155 1428 2191 tamen
1443 2145 1498 2191 ad
1516 2145 1696 2191 istorum

306 2217 608 2266 auctoritatem
628 2216 977 2280 amplectendam
995 2237 1006 2271 ;
1027 2234 1129 2263 cum
1152 2215 1279 2262 illum
1299 2216 1440 2262 Deum
1462 2233 1539 2261 nos
1556 2215 1697 2262 colere

305 2289 572 2336 ostendimus
591 2326 601 2345 ‚
629 2288 682 2334 de
703 2306 790 2352 quo
814 2306 894 2334 nec
921 2288 985 2335 illi
1012 2299 1152 2335 tacere
1193 2297 1434 2353 potuerunt
1452 2325 1463 2344 ,
1497 2288 1573 2351 qui
1599 2304 1697 2333 suos

300 2360 564 2422 congentiles
586 2360 775 2425 populos
799 2360 917 2406 idola
930 2371 972 2406 et
987 2360 1203 2407 daemonia
1219 2359 1403 2407 colenda
1427 2360 1591 2423 partim
1612 2358 1697 2405 do-

298 2450 393 2480 cere
432 2433 523 2479 ausi
562 2443 680 2489 sunt,
718 2432 882 2497 partim
921 2432 1161 2496 prohibere
1181 2431 1274 2478 ausi
1296 2448 1386 2477 non
1409 2441 1525 2478 sunt.
1551 2432 1608 2477 At
1634 2427 1701 2477 illi

297 2505 436 2553 sancti
458 2515 654 2553 auctores
679 2504 813 2552 nostri
833 2521 935 2551 eum
952 2504 1187 2570 populum,
1219 2521 1315 2551 eam
1343 2502 1666 2568 rempublicam
1684 2539 1695 2559 ‚

304 2577 391 2626 tale
400 2594 599 2639 regnum,
609 2576 850 2642 imperante
867 2586 910 2624 et
923 2576 994 2638 adj
1000 2587 1158 2625 uvante
1167 2576 1260 2626 Deo
1271 2585 1625 2642 propagaverunt
1639 2584 1700 2621 at-
