<?xml version="1.0" encoding="UTF-8"?>
<!DOCTYPE html PUBLIC "-//W3C//DTD XHTML 1.0 Transitional//EN"
    "http://www.w3.org/TR/xhtml1/DTD/xhtml1-transitional.dtd">
<html xmlns="http://www.w3.org/1999/xhtml" xml:lang="en" lang="en">
 <head>
  <title>
</title>
<meta http-equiv="Content-Type" content="text/html;charset=utf-8" />
  <meta name='ocr-system' content='tesseract 3.04.00' />
  <meta name='ocr-capabilities' content='ocr_page ocr_carea ocr_par ocr_line ocrx_word'/>
</head>
<body>
  <div class='ocr_page' id='page_1' title='image "./operaomniaaccura28auguuoft/operaomniaaccura28auguuoft_0107.png"; bbox 0 0 1795 3253; ppageno 0'>
   <div class='ocr_carea' id='block_1_1' title="bbox 183 331 1442 388">
    <p class='ocr_par' dir='ltr' id='par_1_1' title="bbox 183 331 1442 388">
     <span class='ocr_line' id='line_1_1' title="bbox 183 331 1442 388; baseline 0.006 -25"><span class='ocrx_word' id='word_1_1' title='bbox 183 333 358 364; x_wconf 81' lang='lat' dir='ltr'>CONTRA</span> <span class='ocrx_word' id='word_1_2' title='bbox 393 331 690 364; x_wconf 77' lang='lat' dir='ltr'><strong>FORTUNATUM</strong></span> <span class='ocrx_word' id='word_1_3' title='bbox 725 331 915 364; x_wconf 67' lang='lat' dir='ltr'>MANJCH.</span> <span class='ocrx_word' id='word_1_4' title='bbox 960 336 1224 368; x_wconf 84' lang='lat' dir='ltr'>DISPL&#39;TATIO</span> <span class='ocrx_word' id='word_1_5' title='bbox 1260 339 1310 371; x_wconf 91' lang='lat'>11.</span> <span class='ocrx_word' id='word_1_6' title='bbox 1384 342 1442 388; x_wconf 75' lang='lat'>97</span> 
     </span>
    </p>
   </div>
   <div class='ocr_carea' id='block_1_2' title="bbox 16 397 1454 2578">
    <p class='ocr_par' dir='ltr' id='par_1_2' title="bbox 76 397 1448 466">
     <span class='ocr_line' id='line_1_2' title="bbox 76 397 1448 466; baseline 0.005 -22"><span class='ocrx_word' id='word_1_7' title='bbox 76 398 121 444; x_wconf 90' lang='lat' dir='ltr'>in</span> <span class='ocrx_word' id='word_1_8' title='bbox 136 398 278 443; x_wconf 89' lang='lat' dir='ltr'>medio</span> <span class='ocrx_word' id='word_1_9' title='bbox 293 398 498 462; x_wconf 90' lang='lat' dir='ltr'>luporum</span> <span class='ocrx_word' id='word_1_10' title='bbox 517 397 697 457; x_wconf 83' lang='lat' dir='ltr'>dirigere</span> <span class='ocrx_word' id='word_1_11' title='bbox 716 397 874 454; x_wconf 82' lang='lat' dir='ltr'>voluit,</span> <span class='ocrx_word' id='word_1_12' title='bbox 889 398 970 444; x_wconf 82' lang='lat' dir='ltr'>nisi</span> <span class='ocrx_word' id='word_1_13' title='bbox 983 412 1088 445; x_wconf 83' lang='lat' dir='ltr'>esset</span> <span class='ocrx_word' id='word_1_14' title='bbox 1109 402 1252 466; x_wconf 83' lang='lat' dir='ltr'>aliqua</span> <span class='ocrx_word' id='word_1_15' title='bbox 1271 416 1448 451; x_wconf 91' lang='lat' dir='ltr'>contra-</span> 
     </span>
    </p>

    <p class='ocr_par' dir='ltr' id='par_1_3' title="bbox 57 467 1454 1517">
     <span class='ocr_line' id='line_1_3' title="bbox 57 467 1447 535; baseline 0.006 -22"><span class='ocrx_word' id='word_1_16' title='bbox 57 468 201 513; x_wconf 80' lang='lat' dir='ltr'>-rietas</span> <span class='ocrx_word' id='word_1_17' title='bbox 216 505 226 524; x_wconf 83' lang='lat'>‚</span> <span class='ocrx_word' id='word_1_18' title='bbox 251 485 349 531; x_wconf 88' lang='lat' dir='ltr'>quae</span> <span class='ocrx_word' id='word_1_19' title='bbox 372 469 415 513; x_wconf 90' lang='lat' dir='ltr'>in</span> <span class='ocrx_word' id='word_1_20' title='bbox 441 467 721 512; x_wconf 87' lang='lat' dir='ltr'>similitudine</span> <span class='ocrx_word' id='word_1_21' title='bbox 738 467 946 530; x_wconf 85' lang='lat' dir='ltr'>luporum</span> <span class='ocrx_word' id='word_1_22' title='bbox 972 487 1064 515; x_wconf 86' lang='lat' dir='ltr'>eam</span> <span class='ocrx_word' id='word_1_23' title='bbox 1087 472 1346 535; x_wconf 78' lang='lat' dir='ltr'>deponeret,</span> <span class='ocrx_word' id='word_1_24' title='bbox 1370 476 1447 521; x_wconf 81' lang='lat' dir='ltr'>ubi</span> 
     </span>
     <span class='ocr_line' id='line_1_4' title="bbox 75 537 1449 606; baseline 0.006 -23"><span class='ocrx_word' id='word_1_25' title='bbox 75 537 310 601; x_wconf 87' lang='lat' dir='ltr'>discipulos</span> <span class='ocrx_word' id='word_1_26' title='bbox 333 555 430 583; x_wconf 91' lang='lat' dir='ltr'>suos</span> <span class='ocrx_word' id='word_1_27' title='bbox 459 538 628 583; x_wconf 76' lang='lat' dir='ltr'>miserat</span> <span class='ocrx_word' id='word_1_28' title='bbox 652 555 661 581; x_wconf 92' lang='lat'><strong>:</strong></span> <span class='ocrx_word' id='word_1_29' title='bbox 690 548 737 582; x_wconf 88' lang='lat' dir='ltr'>ut</span> <span class='ocrx_word' id='word_1_30' title='bbox 754 555 855 600; x_wconf 61' lang='lat' dir='ltr'>quae</span> <span class='ocrx_word' id='word_1_31' title='bbox 881 538 989 584; x_wconf 82' lang='lat' dir='ltr'>forte</span> <span class='ocrx_word' id='word_1_32' title='bbox 1013 541 1057 585; x_wconf 87' lang='lat' dir='ltr'>in</span> <span class='ocrx_word' id='word_1_33' title='bbox 1083 543 1224 587; x_wconf 87' lang='lat' dir='ltr'>medio</span> <span class='ocrx_word' id='word_1_34' title='bbox 1242 544 1449 606; x_wconf 86' lang='lat' dir='ltr'>luporum</span> 
     </span>
     <span class='ocr_line' id='line_1_5' title="bbox 76 608 1450 672; baseline 0.006 -19"><span class='ocrx_word' id='word_1_35' title='bbox 76 609 228 654; x_wconf 83' lang='lat' dir='ltr'>animae</span> <span class='ocrx_word' id='word_1_36' title='bbox 252 618 424 671; x_wconf 79' lang='lat' dir='ltr'>possent</span> <span class='ocrx_word' id='word_1_37' title='bbox 441 608 586 672; x_wconf 77' lang='lat' dir='ltr'>decipi</span> <span class='ocrx_word' id='word_1_38' title='bbox 608 646 618 664; x_wconf 72' lang='lat'>,</span> <span class='ocrx_word' id='word_1_39' title='bbox 649 608 703 654; x_wconf 91' lang='lat' dir='ltr'>ad</span> <span class='ocrx_word' id='word_1_40' title='bbox 729 609 955 671; x_wconf 83' lang='lat' dir='ltr'>propriam</span> <span class='ocrx_word' id='word_1_41' title='bbox 974 611 1256 657; x_wconf 82' lang='lat' dir='ltr'>substantiam</span> <span class='ocrx_word' id='word_1_42' title='bbox 1279 632 1450 661; x_wconf 72' lang='lat' dir='ltr'>revoca-</span> 
     </span>
     <span class='ocr_line' id='line_1_6' title="bbox 75 679 1450 743; baseline 0.005 -19"><span class='ocrx_word' id='word_1_43' title='bbox 75 690 236 725; x_wconf 79' lang='lat' dir='ltr'><strong>rentur.</strong></span> <span class='ocrx_word' id='word_1_44' title='bbox 263 679 378 723; x_wconf 90' lang='lat' dir='ltr'>Hinc</span> <span class='ocrx_word' id='word_1_45' title='bbox 402 695 501 737; x_wconf 82' lang='lat' dir='ltr'>ergo</span> <span class='ocrx_word' id='word_1_46' title='bbox 529 688 709 741; x_wconf 85' lang='lat' dir='ltr'>apparet</span> <span class='ocrx_word' id='word_1_47' title='bbox 730 679 965 741; x_wconf 78' lang='lat' dir='ltr'>antiquitas</span> <span class='ocrx_word' id='word_1_48' title='bbox 997 690 1245 743; x_wconf 87' lang='lat' dir='ltr'>temporum</span> <span class='ocrx_word' id='word_1_49' title='bbox 1274 697 1450 730; x_wconf 86' lang='lat' dir='ltr'>nostro-</span> 
     </span>
     <span class='ocr_line' id='line_1_7' title="bbox 73 748 1451 812; baseline 0.005 -18"><span class='ocrx_word' id='word_1_50' title='bbox 73 766 170 794; x_wconf 85' lang='lat' dir='ltr'>rum</span> <span class='ocrx_word' id='word_1_51' title='bbox 208 765 338 812; x_wconf 85' lang='lat' dir='ltr'>quam</span> <span class='ocrx_word' id='word_1_52' title='bbox 382 748 616 811; x_wconf 87' lang='lat' dir='ltr'>repetimus</span> <span class='ocrx_word' id='word_1_53' title='bbox 632 786 641 803; x_wconf 85' lang='lat'>‚</span> <span class='ocrx_word' id='word_1_54' title='bbox 692 759 734 793; x_wconf 87' lang='lat' dir='ltr'>et</span> <span class='ocrx_word' id='word_1_55' title='bbox 778 766 994 794; x_wconf 89' lang='lat' dir='ltr'>annorum</span> <span class='ocrx_word' id='word_1_56' title='bbox 1040 763 1282 798; x_wconf 87' lang='lat' dir='ltr'>nostrorum</span> <span class='ocrx_word' id='word_1_57' title='bbox 1300 790 1308 805; x_wconf 82' lang='grc'><em>,</em></span> <span class='ocrx_word' id='word_1_58' title='bbox 1353 768 1451 801; x_wconf 89' lang='lat' dir='ltr'>ante</span> 
     </span>
     <span class='ocr_line' id='line_1_8' title="bbox 74 818 1453 876; baseline 0.007 -13"><span class='ocrx_word' id='word_1_59' title='bbox 74 819 225 864; x_wconf 87' lang='lat' dir='ltr'>mundi</span> <span class='ocrx_word' id='word_1_60' title='bbox 239 818 592 864; x_wconf 88' lang='lat' dir='ltr'>constitutionem</span> <span class='ocrx_word' id='word_1_61' title='bbox 614 819 699 864; x_wconf 86' lang='lat' dir='ltr'>hoc</span> <span class='ocrx_word' id='word_1_62' title='bbox 720 836 836 863; x_wconf 90' lang='lat' dir='ltr'>more</span> <span class='ocrx_word' id='word_1_63' title='bbox 857 819 1002 865; x_wconf 88' lang='lat' dir='ltr'>missas</span> <span class='ocrx_word' id='word_1_64' title='bbox 1021 838 1107 866; x_wconf 89' lang='lat' dir='ltr'>esse</span> <span class='ocrx_word' id='word_1_65' title='bbox 1125 824 1287 876; x_wconf 76' lang='lat' dir='ltr'>animas</span> <span class='ocrx_word' id='word_1_66' title='bbox 1302 837 1453 872; x_wconf 83' lang='lat' dir='ltr'>contra</span> 
     </span>
     <span class='ocr_line' id='line_1_9' title="bbox 74 889 1453 954; baseline 0.004 -19"><span class='ocrx_word' id='word_1_67' title='bbox 74 891 335 935; x_wconf 85' lang='lat' dir='ltr'>contrariam</span> <span class='ocrx_word' id='word_1_68' title='bbox 361 900 586 944; x_wconf 88' lang='lat' dir='ltr'>naturam,</span> <span class='ocrx_word' id='word_1_69' title='bbox 613 900 661 934; x_wconf 90' lang='lat' dir='ltr'>ut</span> <span class='ocrx_word' id='word_1_70' title='bbox 685 889 881 934; x_wconf 86' lang='lat' dir='ltr'>eamdem</span> <span class='ocrx_word' id='word_1_71' title='bbox 906 907 980 935; x_wconf 90' lang='lat' dir='ltr'>sua</span> <span class='ocrx_word' id='word_1_72' title='bbox 1000 892 1196 953; x_wconf 74' lang='lat' dir='ltr'>passione</span> <span class='ocrx_word' id='word_1_73' title='bbox 1223 894 1453 954; x_wconf 81' lang='lat' dir='ltr'>subjicien-</span> 
     </span>
     <span class='ocr_line' id='line_1_10' title="bbox 75 958 1448 1025; baseline 0.005 -20"><span class='ocrx_word' id='word_1_74' title='bbox 75 971 135 1005; x_wconf 89' lang='lat' dir='ltr'>tes</span> <span class='ocrx_word' id='word_1_75' title='bbox 151 997 162 1016; x_wconf 92' lang='lat'>,</span> <span class='ocrx_word' id='word_1_76' title='bbox 191 960 373 1005; x_wconf 76' lang='lat' dir='ltr'>victoria</span> <span class='ocrx_word' id='word_1_77' title='bbox 390 960 481 1004; x_wconf 78' lang='lat' dir='ltr'>Deo</span> <span class='ocrx_word' id='word_1_78' title='bbox 498 958 765 1006; x_wconf 80' lang='lat' dir='ltr'>redderetur.</span> <span class='ocrx_word' id='word_1_79' title='bbox 797 961 905 1004; x_wconf 77' lang='lat' dir='ltr'>Nam</span> <span class='ocrx_word' id='word_1_80' title='bbox 930 959 1036 1005; x_wconf 81' lang='lat' dir='ltr'>dixit</span> <span class='ocrx_word' id='word_1_81' title='bbox 1059 961 1173 1006; x_wconf 90' lang='lat' dir='ltr'>idem</span> <span class='ocrx_word' id='word_1_82' title='bbox 1198 963 1448 1025; x_wconf 79' lang='lat' dir='ltr'>Apostolus,</span> 
     </span>
     <span class='ocr_line' id='line_1_11' title="bbox 74 1029 1451 1095; baseline 0.005 -20"><span class='ocrx_word' id='word_1_83' title='bbox 74 1030 191 1094; x_wconf 91' lang='lat' dir='ltr'>quod</span> <span class='ocrx_word' id='word_1_84' title='bbox 216 1047 302 1075; x_wconf 92' lang='lat' dir='ltr'>non</span> <span class='ocrx_word' id='word_1_85' title='bbox 327 1029 467 1075; x_wconf 91' lang='lat' dir='ltr'>solum</span> <span class='ocrx_word' id='word_1_86' title='bbox 493 1039 598 1073; x_wconf 89' lang='lat' dir='ltr'>esset</span> <span class='ocrx_word' id='word_1_87' title='bbox 621 1029 803 1074; x_wconf 84' lang='lat' dir='ltr'>luctatio</span> <span class='ocrx_word' id='word_1_88' title='bbox 835 1041 988 1075; x_wconf 87' lang='lat' dir='ltr'>contra</span> <span class='ocrx_word' id='word_1_89' title='bbox 1011 1047 1184 1076; x_wconf 90' lang='lat' dir='ltr'>carnem</span> <span class='ocrx_word' id='word_1_90' title='bbox 1209 1044 1250 1077; x_wconf 91' lang='lat' dir='ltr'>et</span> <span class='ocrx_word' id='word_1_91' title='bbox 1274 1038 1451 1095; x_wconf 82' lang='lat' dir='ltr'>sangui-</span> 
     </span>
     <span class='ocr_line' id='line_1_12' title="bbox 72 1099 1453 1168; baseline 0.005 -23"><span class='ocrx_word' id='word_1_92' title='bbox 72 1117 194 1156; x_wconf 87' lang='lat' dir='ltr'>nem,</span> <span class='ocrx_word' id='word_1_93' title='bbox 222 1099 295 1145; x_wconf 88' lang='lat' dir='ltr'>sed</span> <span class='ocrx_word' id='word_1_94' title='bbox 326 1110 367 1145; x_wconf 90' lang='lat' dir='ltr'>et</span> <span class='ocrx_word' id='word_1_95' title='bbox 389 1109 539 1144; x_wconf 84' lang='lat' dir='ltr'>contra</span> <span class='ocrx_word' id='word_1_96' title='bbox 562 1099 784 1162; x_wconf 81' lang='lat' dir='ltr'>principes</span> <span class='ocrx_word' id='word_1_97' title='bbox 809 1110 851 1144; x_wconf 90' lang='lat' dir='ltr'>et</span> <span class='ocrx_word' id='word_1_98' title='bbox 878 1110 1111 1162; x_wconf 75' lang='lat' dir='ltr'>potestates</span> <span class='ocrx_word' id='word_1_99' title='bbox 1128 1139 1138 1157; x_wconf 94' lang='lat'>,</span> <span class='ocrx_word' id='word_1_100' title='bbox 1176 1113 1216 1147; x_wconf 86' lang='lat' dir='ltr'>et</span> <span class='ocrx_word' id='word_1_101' title='bbox 1242 1106 1453 1168; x_wconf 75' lang='lat' dir='ltr'>spiritalia</span> 
     </span>
     <span class='ocr_line' id='line_1_13' title="bbox 72 1169 1454 1235; baseline 0.005 -19"><span class='ocrx_word' id='word_1_102' title='bbox 72 1171 280 1235; x_wconf 71' lang='lat' dir='ltr'>nequitiae</span> <span class='ocrx_word' id='word_1_103' title='bbox 306 1181 349 1216; x_wconf 85' lang='lat' dir='ltr'>et</span> <span class='ocrx_word' id='word_1_104' title='bbox 375 1169 715 1216; x_wconf 78' lang='lat' dir='ltr'>dominationem</span> <span class='ocrx_word' id='word_1_105' title='bbox 736 1171 1060 1218; x_wconf 74' lang='lat' dir='ltr'>tenebrarmn1.</span> <span class='ocrx_word' id='word_1_106' title='bbox 1093 1173 1138 1217; x_wconf 83' lang='lat' dir='ltr'>Si</span> <span class='ocrx_word' id='word_1_107' title='bbox 1161 1190 1260 1234; x_wconf 84' lang='lat' dir='ltr'>ergo</span> <span class='ocrx_word' id='word_1_108' title='bbox 1288 1178 1454 1223; x_wconf 83' lang='lat' dir='ltr'>utrobi-</span> 
     </span>
     <span class='ocr_line' id='line_1_14' title="bbox 72 1242 1451 1306; baseline 0.005 -18"><span class='ocrx_word' id='word_1_109' title='bbox 72 1260 156 1306; x_wconf 83' lang='lat' dir='ltr'>que</span> <span class='ocrx_word' id='word_1_110' title='bbox 180 1242 293 1288; x_wconf 86' lang='lat' dir='ltr'>mala</span> <span class='ocrx_word' id='word_1_111' title='bbox 311 1251 538 1289; x_wconf 83' lang='lat' dir='ltr'>versantur</span> <span class='ocrx_word' id='word_1_112' title='bbox 560 1251 602 1286; x_wconf 91' lang='lat' dir='ltr'>et</span> <span class='ocrx_word' id='word_1_113' title='bbox 621 1242 826 1304; x_wconf 70' lang='lat' dir='ltr'>nequitiae</span> <span class='ocrx_word' id='word_1_114' title='bbox 844 1242 1083 1299; x_wconf 85' lang='lat' dir='ltr'>habentur,</span> <span class='ocrx_word' id='word_1_115' title='bbox 1098 1247 1188 1303; x_wconf 85' lang='lat' dir='ltr'>jam</span> <span class='ocrx_word' id='word_1_116' title='bbox 1209 1263 1295 1292; x_wconf 89' lang='lat' dir='ltr'>non</span> <span class='ocrx_word' id='word_1_117' title='bbox 1314 1249 1451 1294; x_wconf 90' lang='lat' dir='ltr'>solum</span> 
     </span>
     <span class='ocr_line' id='line_1_15' title="bbox 71 1311 1453 1375; baseline 0.005 -17"><span class='ocrx_word' id='word_1_118' title='bbox 71 1324 134 1358; x_wconf 89' lang='lat' dir='ltr'>est</span> <span class='ocrx_word' id='word_1_119' title='bbox 156 1313 317 1358; x_wconf 85' lang='lat' dir='ltr'>malurn</span> <span class='ocrx_word' id='word_1_120' title='bbox 339 1313 384 1358; x_wconf 88' lang='lat' dir='ltr'>in</span> <span class='ocrx_word' id='word_1_121' title='bbox 408 1311 564 1357; x_wconf 80' lang='lat' dir='ltr'>nostris</span> <span class='ocrx_word' id='word_1_122' title='bbox 587 1312 848 1375; x_wconf 86' lang='lat' dir='ltr'>corporibus</span> <span class='ocrx_word' id='word_1_123' title='bbox 866 1350 876 1364; x_wconf 82' lang='grc'>,</span> <span class='ocrx_word' id='word_1_124' title='bbox 900 1313 971 1358; x_wconf 88' lang='lat' dir='ltr'>scd</span> <span class='ocrx_word' id='word_1_125' title='bbox 989 1314 1033 1358; x_wconf 88' lang='lat' dir='ltr'>in</span> <span class='ocrx_word' id='word_1_126' title='bbox 1049 1324 1140 1359; x_wconf 89' lang='lat' dir='ltr'>toto</span> <span class='ocrx_word' id='word_1_127' title='bbox 1159 1317 1322 1362; x_wconf 89' lang='lat' dir='ltr'>mundo</span> <span class='ocrx_word' id='word_1_128' title='bbox 1339 1356 1348 1373; x_wconf 85' lang='lat'><strong>‚</strong></span> <span class='ocrx_word' id='word_1_129' title='bbox 1374 1320 1453 1365; x_wconf 85' lang='lat' dir='ltr'>ubi</span> 
     </span>
     <span class='ocr_line' id='line_1_16' title="bbox 71 1383 1453 1445; baseline 0.005 -17"><span class='ocrx_word' id='word_1_130' title='bbox 71 1383 277 1429; x_wconf 71' lang='lat' dir='ltr'>videntur</span> <span class='ocrx_word' id='word_1_131' title='bbox 297 1383 458 1429; x_wconf 81' lang='lat' dir='ltr'>versari</span> <span class='ocrx_word' id='word_1_132' title='bbox 484 1383 641 1428; x_wconf 78' lang='lat' dir='ltr'>animae</span> <span class='ocrx_word' id='word_1_133' title='bbox 660 1420 670 1438; x_wconf 76' lang='grc'><em>,</em></span> <span class='ocrx_word' id='word_1_134' title='bbox 700 1400 798 1445; x_wconf 73' lang='lat' dir='ltr'>quae</span> <span class='ocrx_word' id='word_1_135' title='bbox 818 1383 898 1428; x_wconf 87' lang='lat' dir='ltr'>sub</span> <span class='ocrx_word' id='word_1_136' title='bbox 925 1383 1038 1428; x_wconf 83' lang='lat' dir='ltr'>coelo</span> <span class='ocrx_word' id='word_1_137' title='bbox 1059 1384 1139 1429; x_wconf 86' lang='lat' dir='ltr'>isto</span> <span class='ocrx_word' id='word_1_138' title='bbox 1162 1399 1386 1434; x_wconf 75' lang='lat' dir='ltr'>versantur</span> <span class='ocrx_word' id='word_1_139' title='bbox 1411 1401 1453 1435; x_wconf 92' lang='lat' dir='ltr'>et</span> 
     </span>
     <span class='ocr_line' id='line_1_17' title="bbox 70 1453 483 1517; baseline 0.002 -19"><span class='ocrx_word' id='word_1_140' title='bbox 70 1453 309 1517; x_wconf 70' lang='lat' dir='ltr'>implicatae</span> <span class='ocrx_word' id='word_1_141' title='bbox 331 1464 444 1499; x_wconf 87' lang='lat' dir='ltr'>sunt.</span> <span class='ocrx_word' id='word_1_142' title='bbox 464 1474 483 1493; x_wconf 86' lang='grc'>»</span> 
     </span>
    </p>

    <p class='ocr_par' dir='ltr' id='par_1_4' title="bbox 16 1523 1454 2578">
     <span class='ocr_line' id='line_1_18' title="bbox 136 1523 1452 1583; baseline 0.005 -14"><span class='ocrx_word' id='word_1_143' title='bbox 136 1525 303 1570; x_wconf 75' lang='lat' dir='ltr'>XXIII.</span> <span class='ocrx_word' id='word_1_144' title='bbox 321 1525 434 1569; x_wconf 73' lang='lat' dir='ltr'>Aee.</span> <span class='ocrx_word' id='word_1_145' title='bbox 465 1523 572 1568; x_wconf 81' lang='lat' dir='ltr'>dixit</span> <span class='ocrx_word' id='word_1_146' title='bbox 597 1541 606 1567; x_wconf 92' lang='lat'><strong>:</strong></span> <span class='ocrx_word' id='word_1_147' title='bbox 632 1525 774 1583; x_wconf 83' lang='lat' dir='ltr'>Agnos</span> <span class='ocrx_word' id='word_1_148' title='bbox 799 1540 897 1568; x_wconf 90' lang='lat' dir='ltr'>suos</span> <span class='ocrx_word' id='word_1_149' title='bbox 917 1524 1130 1570; x_wconf 87' lang='lat' dir='ltr'>Dominus</span> <span class='ocrx_word' id='word_1_150' title='bbox 1147 1526 1192 1570; x_wconf 87' lang='lat' dir='ltr'>in</span> <span class='ocrx_word' id='word_1_151' title='bbox 1216 1528 1358 1573; x_wconf 89' lang='lat' dir='ltr'>medio</span> <span class='ocrx_word' id='word_1_152' title='bbox 1377 1529 1452 1576; x_wconf 83' lang='lat' dir='ltr'>lu·-</span> 
     </span>
     <span class='ocr_line' id='line_1_19' title="bbox 69 1592 1454 1657; baseline 0.005 -18"><span class='ocrx_word' id='word_1_153' title='bbox 69 1611 229 1657; x_wconf 88' lang='lat' dir='ltr'>porum</span> <span class='ocrx_word' id='word_1_154' title='bbox 254 1594 395 1649; x_wconf 81' lang='lat' dir='ltr'>misit,</span> <span class='ocrx_word' id='word_1_155' title='bbox 418 1592 464 1638; x_wconf 89' lang='lat' dir='ltr'>id</span> <span class='ocrx_word' id='word_1_156' title='bbox 491 1604 578 1649; x_wconf 90' lang='lat' dir='ltr'>est,</span> <span class='ocrx_word' id='word_1_157' title='bbox 611 1593 807 1638; x_wconf 90' lang='lat' dir='ltr'>homines</span> <span class='ocrx_word' id='word_1_158' title='bbox 825 1597 965 1653; x_wconf 86' lang='lat' dir='ltr'>justos</span> <span class='ocrx_word' id='word_1_159' title='bbox 989 1595 1033 1639; x_wconf 90' lang='lat' dir='ltr'>in</span> <span class='ocrx_word' id='word_1_160' title='bbox 1059 1596 1203 1641; x_wconf 88' lang='lat' dir='ltr'>medio</span> <span class='ocrx_word' id='word_1_161' title='bbox 1221 1597 1454 1646; x_wconf 85' lang='lat' dir='ltr'>hominum</span> 
     </span>
     <span class='ocr_line' id='line_1_20' title="bbox 16 1663 1451 1729; baseline 0.005 -20"><span class='ocrx_word' id='word_1_162' title='bbox 16 1688 19 1689; x_wconf 41' lang='lat'><em>⁷</em></span> <span class='ocrx_word' id='word_1_163' title='bbox 69 1675 366 1727; x_wconf 85' lang='lat' dir='ltr'>peccatorum,</span> <span class='ocrx_word' id='word_1_164' title='bbox 390 1663 444 1708; x_wconf 89' lang='lat' dir='ltr'>ad</span> <span class='ocrx_word' id='word_1_165' title='bbox 459 1663 813 1726; x_wconf 58' lang='lat' dir='ltr'>praedicationem</span> <span class='ocrx_word' id='word_1_166' title='bbox 842 1665 1062 1723; x_wconf 82' lang='lat' dir='ltr'>Evangelii</span> <span class='ocrx_word' id='word_1_167' title='bbox 1084 1676 1279 1729; x_wconf 85' lang='lat' dir='ltr'>tempore</span> <span class='ocrx_word' id='word_1_168' title='bbox 1303 1669 1451 1716; x_wconf 89' lang='lat' dir='ltr'>homi—</span> 
     </span>
     <span class='ocr_line' id='line_1_21' title="bbox 70 1732 1450 1800; baseline 0.006 -21"><span class='ocrx_word' id='word_1_169' title='bbox 70 1735 135 1779; x_wconf 85' lang='lat' dir='ltr'>nis</span> <span class='ocrx_word' id='word_1_170' title='bbox 162 1735 351 1797; x_wconf 86' lang='lat' dir='ltr'>suscepti</span> <span class='ocrx_word' id='word_1_171' title='bbox 376 1733 430 1778; x_wconf 83' lang='lat' dir='ltr'>ab</span> <span class='ocrx_word' id='word_1_172' title='bbox 448 1732 745 1778; x_wconf 80' lang='lat' dir='ltr'>inaestimabili</span> <span class='ocrx_word' id='word_1_173' title='bbox 768 1733 869 1778; x_wconf 88' lang='lat' dir='ltr'>diva</span> <span class='ocrx_word' id='word_1_174' title='bbox 898 1733 1143 1796; x_wconf 84' lang='lat' dir='ltr'>Sapientia,</span> <span class='ocrx_word' id='word_1_175' title='bbox 1168 1747 1216 1781; x_wconf 89' lang='lat' dir='ltr'>ut</span> <span class='ocrx_word' id='word_1_176' title='bbox 1234 1755 1253 1781; x_wconf 87' lang='lat' dir='ltr'>a</span> <span class='ocrx_word' id='word_1_177' title='bbox 1267 1752 1450 1800; x_wconf 84' lang='lat' dir='ltr'>peccato</span> 
     </span>
     <span class='ocr_line' id='line_1_22' title="bbox 71 1802 1446 1869; baseline 0.005 -20"><span class='ocrx_word' id='word_1_178' title='bbox 71 1803 125 1849; x_wconf 86' lang='lat' dir='ltr'>ad</span> <span class='ocrx_word' id='word_1_179' title='bbox 158 1804 373 1863; x_wconf 87' lang='lat' dir='ltr'>justitiam</span> <span class='ocrx_word' id='word_1_180' title='bbox 401 1819 478 1847; x_wconf 92' lang='lat' dir='ltr'>nos</span> <span class='ocrx_word' id='word_1_181' title='bbox 513 1812 701 1848; x_wconf 73' lang='lat' dir='ltr'>voearet.</span> <span class='ocrx_word' id='word_1_182' title='bbox 752 1802 883 1859; x_wconf 83' lang='lat' dir='ltr'>Quod</span> <span class='ocrx_word' id='word_1_183' title='bbox 918 1813 1060 1848; x_wconf 88' lang='lat' dir='ltr'>autem</span> <span class='ocrx_word' id='word_1_184' title='bbox 1096 1805 1156 1849; x_wconf 87' lang='lat' dir='ltr'>ait</span> <span class='ocrx_word' id='word_1_185' title='bbox 1190 1808 1446 1869; x_wconf 79' lang='lat' dir='ltr'>Apostolus,</span> 
     </span>
     <span class='ocr_line' id='line_1_23' title="bbox 69 1872 1451 1926; baseline 0.006 -8"><span class='ocrx_word' id='word_1_186' title='bbox 69 1873 194 1918; x_wconf 87' lang='lat' dir='ltr'>nobis</span> <span class='ocrx_word' id='word_1_187' title='bbox 225 1872 577 1918; x_wconf 88' lang='lat' dir='ltr'>colluctationem</span> <span class='ocrx_word' id='word_1_188' title='bbox 613 1888 703 1916; x_wconf 91' lang='lat' dir='ltr'>non</span> <span class='ocrx_word' id='word_1_189' title='bbox 734 1888 820 1916; x_wconf 86' lang='lat' dir='ltr'>esse</span> <span class='ocrx_word' id='word_1_190' title='bbox 857 1872 1059 1918; x_wconf 83' lang='lat' dir='ltr'>adversus</span> <span class='ocrx_word' id='word_1_191' title='bbox 1087 1891 1259 1922; x_wconf 85' lang='lat' dir='ltr'>carnem</span> <span class='ocrx_word' id='word_1_192' title='bbox 1284 1890 1325 1924; x_wconf 88' lang='lat' dir='ltr'>et</span> <span class='ocrx_word' id='word_1_193' title='bbox 1349 1898 1451 1926; x_wconf 89' lang='lat' dir='ltr'>san-</span> 
     </span>
     <span class='ocr_line' id='line_1_24' title="bbox 69 1941 1450 2005; baseline 0.007 -17"><span class='ocrx_word' id='word_1_194' title='bbox 69 1943 243 2003; x_wconf 82' lang='lat' dir='ltr'>guinem</span> <span class='ocrx_word' id='word_1_195' title='bbox 262 1980 274 1998; x_wconf 85' lang='lat'>,</span> <span class='ocrx_word' id='word_1_196' title='bbox 296 1942 368 1987; x_wconf 91' lang='lat' dir='ltr'>sed</span> <span class='ocrx_word' id='word_1_197' title='bbox 395 1941 597 1987; x_wconf 85' lang='lat' dir='ltr'>adversus</span> <span class='ocrx_word' id='word_1_198' title='bbox 619 1942 840 2004; x_wconf 88' lang='lat' dir='ltr'>principes</span> <span class='ocrx_word' id='word_1_199' title='bbox 863 1953 904 1986; x_wconf 93' lang='lat' dir='ltr'>et</span> <span class='ocrx_word' id='word_1_200' title='bbox 927 1954 1160 2005; x_wconf 81' lang='lat' dir='ltr'>potestates</span> <span class='ocrx_word' id='word_1_201' title='bbox 1176 1983 1187 2001; x_wconf 88' lang='lat'>,</span> <span class='ocrx_word' id='word_1_202' title='bbox 1225 1958 1266 1992; x_wconf 92' lang='lat' dir='ltr'>et</span> <span class='ocrx_word' id='word_1_203' title='bbox 1291 1961 1450 1998; x_wconf 83' lang='lat' dir='ltr'>caetera</span> 
     </span>
     <span class='ocr_line' id='line_1_25' title="bbox 68 2011 1446 2077; baseline 0.007 -18"><span class='ocrx_word' id='word_1_204' title='bbox 68 2030 169 2077; x_wconf 82' lang='lat' dir='ltr'>quae</span> <span class='ocrx_word' id='word_1_205' title='bbox 191 2020 292 2059; x_wconf 89' lang='lat' dir='ltr'>sunt</span> <span class='ocrx_word' id='word_1_206' title='bbox 305 2023 642 2059; x_wconf 86' lang='lat' dir='ltr'>commemorata</span> <span class='ocrx_word' id='word_1_207' title='bbox 673 2029 684 2056; x_wconf 74' lang='grc' dir='ltr'><strong>ε</strong></span> <span class='ocrx_word' id='word_1_208' title='bbox 712 2011 800 2056; x_wconf 89' lang='lat' dir='ltr'>hoc</span> <span class='ocrx_word' id='word_1_209' title='bbox 819 2011 1033 2071; x_wconf 84' lang='lat' dir='ltr'>significat</span> <span class='ocrx_word' id='word_1_210' title='bbox 1054 2013 1280 2063; x_wconf 83' lang='lat' dir='ltr'>diabolum</span> <span class='ocrx_word' id='word_1_211' title='bbox 1300 2031 1340 2065; x_wconf 92' lang='lat' dir='ltr'>et</span> <span class='ocrx_word' id='word_1_212' title='bbox 1365 2040 1446 2068; x_wconf 85' lang='lat' dir='ltr'>an-</span> 
     </span>
     <span class='ocr_line' id='line_1_26' title="bbox 69 2082 1446 2154; baseline 0.007 -25"><span class='ocrx_word' id='word_1_213' title='bbox 69 2084 183 2144; x_wconf 88' lang='lat' dir='ltr'>gelos</span> <span class='ocrx_word' id='word_1_214' title='bbox 206 2086 323 2144; x_wconf 80' lang='lat' dir='ltr'>ejus,</span> <span class='ocrx_word' id='word_1_215' title='bbox 354 2083 466 2128; x_wconf 89' lang='lat' dir='ltr'>sicut</span> <span class='ocrx_word' id='word_1_216' title='bbox 495 2082 623 2127; x_wconf 88' lang='lat' dir='ltr'>etiam</span> <span class='ocrx_word' id='word_1_217' title='bbox 648 2098 726 2127; x_wconf 91' lang='lat' dir='ltr'>nos</span> <span class='ocrx_word' id='word_1_218' title='bbox 744 2119 755 2138; x_wconf 83' lang='lat'>‚</span> <span class='ocrx_word' id='word_1_219' title='bbox 793 2093 974 2145; x_wconf 86' lang='lat' dir='ltr'>peccato</span> <span class='ocrx_word' id='word_1_220' title='bbox 1008 2084 1213 2131; x_wconf 86' lang='lat' dir='ltr'>cecidisse</span> <span class='ocrx_word' id='word_1_221' title='bbox 1248 2090 1446 2154; x_wconf 87' lang='lat' dir='ltr'>etlapsos</span> 
     </span>
     <span class='ocr_line' id='line_1_27' title="bbox 69 2153 1446 2220; baseline 0.007 -20"><span class='ocrx_word' id='word_1_222' title='bbox 69 2172 179 2211; x_wconf 86' lang='lat' dir='ltr'>esse,</span> <span class='ocrx_word' id='word_1_223' title='bbox 207 2165 250 2199; x_wconf 90' lang='lat' dir='ltr'>et</span> <span class='ocrx_word' id='word_1_224' title='bbox 270 2154 506 2200; x_wconf 86' lang='lat' dir='ltr'>obtinuisse</span> <span class='ocrx_word' id='word_1_225' title='bbox 536 2163 728 2209; x_wconf 83' lang='lat' dir='ltr'>terrena,</span> <span class='ocrx_word' id='word_1_226' title='bbox 771 2153 816 2198; x_wconf 87' lang='lat' dir='ltr'>id</span> <span class='ocrx_word' id='word_1_227' title='bbox 853 2164 940 2209; x_wconf 73' lang='lat' dir='ltr'>est,</span> <span class='ocrx_word' id='word_1_228' title='bbox 975 2154 1172 2201; x_wconf 88' lang='lat' dir='ltr'>homines</span> <span class='ocrx_word' id='word_1_229' title='bbox 1195 2173 1446 2220; x_wconf 87' lang='lat' dir='ltr'>peccatores</span> 
     </span>
     <span class='ocr_line' id='line_1_28' title="bbox 68 2223 1442 2289; baseline 0.007 -18"><span class='ocrx_word' id='word_1_230' title='bbox 68 2225 145 2289; x_wconf 90' lang='lat' dir='ltr'>qui</span> <span class='ocrx_word' id='word_1_231' title='bbox 164 2223 360 2288; x_wconf 87' lang='lat' dir='ltr'>quandiu</span> <span class='ocrx_word' id='word_1_232' title='bbox 377 2233 626 2287; x_wconf 86' lang='lat' dir='ltr'>peccatores</span> <span class='ocrx_word' id='word_1_233' title='bbox 650 2240 817 2280; x_wconf 88' lang='lat' dir='ltr'>sumus,</span> <span class='ocrx_word' id='word_1_234' title='bbox 845 2224 926 2270; x_wconf 90' lang='lat' dir='ltr'>sub</span> <span class='ocrx_word' id='word_1_235' title='bbox 943 2228 1050 2285; x_wconf 87' lang='lat' dir='ltr'>jugo</span> <span class='ocrx_word' id='word_1_236' title='bbox 1081 2243 1230 2273; x_wconf 90' lang='lat' dir='ltr'>eorum</span> <span class='ocrx_word' id='word_1_237' title='bbox 1261 2248 1407 2279; x_wconf 88' lang='lat' dir='ltr'>sumus</span> <span class='ocrx_word' id='word_1_238' title='bbox 1431 2253 1442 2280; x_wconf 89' lang='lat'><strong>:</strong></span> 
     </span>
     <span class='ocr_line' id='line_1_29' title="bbox 68 2293 1442 2363; baseline 0.001 -23"><span class='ocrx_word' id='word_1_239' title='bbox 68 2294 440 2359; x_wconf 84' lang='lat' dir='ltr'>quemadmodum</span> <span class='ocrx_word' id='word_1_240' title='bbox 465 2311 566 2339; x_wconf 91' lang='lat' dir='ltr'>cum</span> <span class='ocrx_word' id='word_1_241' title='bbox 589 2293 697 2352; x_wconf 85' lang='lat' dir='ltr'>justi</span> <span class='ocrx_word' id='word_1_242' title='bbox 727 2294 885 2339; x_wconf 88' lang='lat' dir='ltr'>erimus</span> <span class='ocrx_word' id='word_1_243' title='bbox 906 2331 917 2350; x_wconf 89' lang='lat'>,</span> <span class='ocrx_word' id='word_1_244' title='bbox 949 2296 1108 2341; x_wconf 88' lang='lat' dir='ltr'>erimus</span> <span class='ocrx_word' id='word_1_245' title='bbox 1127 2298 1209 2344; x_wconf 88' lang='lat' dir='ltr'>sub</span> <span class='ocrx_word' id='word_1_246' title='bbox 1224 2303 1330 2361; x_wconf 84' lang='lat' dir='ltr'>jugo</span> <span class='ocrx_word' id='word_1_247' title='bbox 1342 2307 1442 2363; x_wconf 72' lang='lat' dir='ltr'>jus-</span> 
     </span>
     <span class='ocr_line' id='line_1_30' title="bbox 69 2363 1444 2428; baseline 0.007 -17"><span class='ocrx_word' id='word_1_248' title='bbox 69 2366 176 2411; x_wconf 86' lang='lat' dir='ltr'>titiae</span> <span class='ocrx_word' id='word_1_249' title='bbox 203 2383 214 2410; x_wconf 89' lang='lat'><strong>:</strong></span> <span class='ocrx_word' id='word_1_250' title='bbox 249 2375 291 2410; x_wconf 89' lang='lat' dir='ltr'>et</span> <span class='ocrx_word' id='word_1_251' title='bbox 314 2374 465 2410; x_wconf 89' lang='lat' dir='ltr'>contra</span> <span class='ocrx_word' id='word_1_252' title='bbox 493 2363 588 2409; x_wconf 91' lang='lat' dir='ltr'>illos</span> <span class='ocrx_word' id='word_1_253' title='bbox 606 2364 771 2409; x_wconf 84' lang='lat' dir='ltr'>luctam</span> <span class='ocrx_word' id='word_1_254' title='bbox 795 2364 1009 2411; x_wconf 89' lang='lat' dir='ltr'>habemus</span> <span class='ocrx_word' id='word_1_255' title='bbox 1027 2403 1038 2422; x_wconf 88' lang='lat'>‚</span> <span class='ocrx_word' id='word_1_256' title='bbox 1061 2377 1109 2411; x_wconf 89' lang='lat' dir='ltr'>ut</span> <span class='ocrx_word' id='word_1_257' title='bbox 1131 2369 1364 2428; x_wconf 81' lang='lat' dir='ltr'>migrantes</span> <span class='ocrx_word' id='word_1_258' title='bbox 1389 2375 1444 2420; x_wconf 88' lang='lat' dir='ltr'>ad</span> 
     </span>
     <span class='ocr_line' id='line_1_31' title="bbox 62 2433 1444 2501; baseline 0.007 -21"><span class='ocrx_word' id='word_1_259' title='bbox 62 2435 302 2496; x_wconf 88' lang='lat' dir='ltr'>justitiam,</span> <span class='ocrx_word' id='word_1_260' title='bbox 326 2435 382 2480; x_wconf 87' lang='lat' dir='ltr'>ab</span> <span class='ocrx_word' id='word_1_261' title='bbox 405 2452 554 2480; x_wconf 86' lang='lat' dir='ltr'>eorum</span> <span class='ocrx_word' id='word_1_262' title='bbox 584 2433 876 2481; x_wconf 86' lang='lat' dir='ltr'>dominatione</span> <span class='ocrx_word' id='word_1_263' title='bbox 896 2435 1144 2485; x_wconf 88' lang='lat' dir='ltr'>liberemur.</span> <span class='ocrx_word' id='word_1_264' title='bbox 1183 2441 1297 2501; x_wconf 84' lang='lat' dir='ltr'>Ergo</span> <span class='ocrx_word' id='word_1_265' title='bbox 1329 2454 1370 2488; x_wconf 86' lang='lat' dir='ltr'>et</span> <span class='ocrx_word' id='word_1_266' title='bbox 1395 2455 1444 2491; x_wconf 90' lang='lat' dir='ltr'>tu</span> 
     </span>
     <span class='ocr_line' id='line_1_32' title="bbox 69 2505 1442 2578; baseline 0.007 -26"><span class='ocrx_word' id='word_1_267' title='bbox 69 2505 246 2567; x_wconf 86' lang='lat' dir='ltr'>dignare</span> <span class='ocrx_word' id='word_1_268' title='bbox 271 2505 383 2552; x_wconf 87' lang='lat' dir='ltr'>mihi</span> <span class='ocrx_word' id='word_1_269' title='bbox 411 2506 600 2554; x_wconf 86' lang='lat' dir='ltr'>breviter</span> <span class='ocrx_word' id='word_1_270' title='bbox 633 2505 686 2552; x_wconf 89' lang='lat' dir='ltr'>ad</span> <span class='ocrx_word' id='word_1_271' title='bbox 710 2523 847 2554; x_wconf 91' lang='lat' dir='ltr'>unum</span> <span class='ocrx_word' id='word_1_272' title='bbox 871 2507 990 2572; x_wconf 90' lang='lat' dir='ltr'>quod</span> <span class='ocrx_word' id='word_1_273' title='bbox 1017 2508 1233 2571; x_wconf 85' lang='lat' dir='ltr'>interrogo</span> <span class='ocrx_word' id='word_1_274' title='bbox 1256 2529 1442 2578; x_wconf 86' lang='lat' dir='ltr'>respon-</span> 
     </span>
    </p>
   </div>
   <div class='ocr_carea' id='block_1_3' title="bbox 117 2608 1280 2740">
    <p class='ocr_par' dir='ltr' id='par_1_5' title="bbox 117 2608 1280 2740">
     <span class='ocr_line' id='line_1_33' title="bbox 117 2608 403 2655; baseline -0.007 -13"><span class='ocrx_word' id='word_1_275' title='bbox 117 2609 129 2633; x_wconf 88' lang='lat'><strong>¹</strong></span> <span class='ocrx_word' id='word_1_276' title='bbox 147 2608 264 2655; x_wconf 76' lang='lat' dir='ltr'>EpheS.</span> <span class='ocrx_word' id='word_1_277' title='bbox 279 2620 328 2649; x_wconf 80' lang='lat' dir='ltr'>vt,</span> <span class='ocrx_word' id='word_1_278' title='bbox 348 2619 403 2644; x_wconf 86' lang='lat'>12.</span> 
     </span>
     <span class='ocr_line' id='line_1_34' title="bbox 230 2689 1280 2740; baseline 0.02 -21"><span class='ocrx_word' id='word_1_279' title='bbox 230 2689 389 2721; x_wconf 87' lang='lat' dir='ltr'>cxxxv.</span> <span class='ocrx_word' id='word_1_280' title='bbox 1254 2693 1280 2740; x_wconf 92' lang='lat'>7</span> 
     </span>
    </p>
   </div>
  </div>
 </body>
</html>
