1795 3253
350 257 435 304 150
765 275 800 304 s.
844 274 1085 305 Aucusrixi
1123 275 1327 305 El‘ISCOPl

343 357 364 377 >2
389 337 481 383 Dei.
505 358 524 377 »
545 338 599 383 Et
619 336 737 401 quod
763 337 846 383 alio
869 338 965 385 loco
987 339 1074 384 ait:
1093 362 1112 380 «
1129 340 1325 396 Utinam,
1349 350 1390 385 et
1409 340 1721 386 abscindantur

342 431 363 450 »
386 409 463 471 qui
487 425 562 453 vos
585 408 877 455 (ῐοιιίιιΓΙγιιιιῑ1
898 428 944 455 ι»
963 428 1050 455 non
1075 411 1178 474 quia
1204 410 1476 457 circumcisio
1503 411 1720 457 contraria

339 490 401 524 est
430 478 682 539 Evangelio,
709 478 818 526 dicit
843 481 1093 544 Apostolus,
1122 481 1234 526 sicut
1259 483 1297 526 M
1308 482 1493 530 aniczhei
1522 492 1712 545 putzzint

339 549 412 595 sed
431 549 540 595 illud
560 561 622 595 est
643 551 707 596 Ev
712 551 875 611 angelio
902 553 1189 607 contrarium,
1213 562 1260 597 ut
1282 554 1465 616 quisque
1489 570 1578 598 iem
1600 552 1717 599 dese—

338 638 451 677 rens,
473 638 573 698 quae
596 638 676 684 per
696 620 813 667 illam
828 622 1029 668 umbram
1051 625 1279 682 1501;‚·11r1tur
1306 622 1442 685 ipsius
1462 622 1631 668 umbrae
1655 641 1715 668 se-

337 703 497 755 quatur
517 691 786 738 inanitatem.
814 692 945 749 Quod
964 711 987 739 v
993 693 1104 738 oleb
1107 703 1168 737 mt
1186 694 1262 755 qui
1281 693 1507 752 gentibus
1498 710 1542 738 ln
1565 696 1597 738 (J
1604 692 1714 738 hiis-

336 774 429 808 tum
451 761 729 808 credentibus
743 767 900 823 Jugum
921 763 1265 809 circumcisionis
1287 763 1574 826 imponebant
1590 765 1713 827 quasi

337 833 392 880 ad
428 833 609 880 salutem
643 835 948 891 necessarium,
987 853 1087 881 cum
1116 839 1320 895 jamnon
1346 846 1452 880 esset
1482 835 1640 881 umbra
1668 834 1715 881 in

335 922 520 969 corpore
546 905 792 965 figuranda,
819 905 892 951 scd
917 924 981 952 res
1003 907 1094 969 ipsa
1123 907 1167 951 in
1193 906 1323 952 corde
1345 905 1560 966 gestanda.

404 976 460 1020 Et
483 975 602 1038 quod
633 974 742 1020 dicit
765 993 774 1019 :
801 997 820 1015 «
843 976 943 1021 Dies
971 976 1115 1022 observ
1130 977 1225 1031 atis,
1260 987 1300 1022 et
1333 977 1533 1032 sabbata,
1561 987 1601 1021 et
1629 975 1718 1021 sol-

337 1069 357 1088 »
380 1045 647 1101 lemnitate83
684 1047 812 1091 timeo
845 1064 936 1102 vos,
973 1065 1026 1092 nc
1057 1047 1217 1093 frustra
1248 1047 1538 1093 laboraverim
1567 1047 1611 1092 in
1637 1063 1718 1092 vo-

337 1139 357 1159 »
380 1116 476 1162 bis‘2
496 1134 543 1161 z»
555 1133 644 1162 non
672 1117 732 1161 sic
767 1117 981 1181 scriptum
1001 1129 1063 1164 est
1087 1130 1134 1164 ut
1156 1118 1414 1165 Adimantus
1446 1117 1584 1180 ponit.
1618 1118 1719 1162 Non

337 1187 452 1233 enim
470 1186 670 1231 nominat
683 1186 745 1232 ibi
760 1187 992 1233 sabbatum
1014 1189 1257 1251 Apostolus.
1282 1189 1400 1233 Dicit
1415 1188 1528 1233 enim
1549 1205 1559 1232 ε
1581 1209 1601 1228 «
1619 1186 1720 1232 Dies

339 1280 360 1301 »
384 1257 620 1303 observatis
642 1267 685 1302 et
704 1274 855 1313 annos,
887 1269 929 1303 et
950 1269 1143 1322 tempora
1163 1280 1174 1312 ;
1203 1260 1329 1304 timeo
1353 1275 1447 1314 vos,
1478 1275 1530 1303 ne
1560 1256 1721 1303 frustra

339 1351 360 1371 »
383 1327 675 1374 laboraverim
700 1326 743 1372 in
765 1327 904 1374 vobis.
930 1350 949 1369 n
968 1329 1053 1374 Sed
1075 1340 1203 1392 putat
1220 1346 1305 1374 esse
1330 1328 1382 1374 de
1407 1329 1590 1374 sabbato
1620 1327 1720 1374 dic-

338 1401 463 1446 tum?
489 1396 718 1460 Numquid
742 1408 784 1443 et
811 1415 888 1443 nos
913 1416 999 1444 non
1030 1399 1218 1445 dicimus
1242 1399 1323 1444 ista
1344 1415 1431 1444 non
1460 1415 1545 1444 esse
1568 1398 1721 1444 obser-

337 1468 500 1524 vanda,
519 1466 594 1513 sed
614 1467 687 1513 illa
704 1468 851 1531 potius
873 1485 975 1532 quae
1001 1469 1070 1515 his
1087 1469 1417 1529 significantur?
1442 1468 1512 1514 llli
1535 1468 1654 1514 enim
1675 1486 1723 1513 ea

338 1539 548 1587 serviliter
568 1538 878 1596 observabant,
900 1557 989 1585 non
1002 1540 1286 1601 intelligentes
1305 1540 1357 1585 ad
1377 1556 1562 1603 quarum
1578 1556 1723 1585 rerum

338 1609 701 1672 significationem
733 1620 775 1654 et
807 1611 1219 1672 praenuntiationem
1247 1611 1524 1675 pertinerent.
1558 1611 1654 1655 Hoc
1678 1609 1724 1655 in

341 1683 400 1729 eis
418 1681 571 1744 culpat
592 1679 843 1744 Apostolus,
866 1692 908 1727 et
924 1682 970 1728 in
989 1683 1194 1728 omnibus
1208 1684 1284 1747 qui
1302 1682 1494 1729 serviunt
1514 1692 1725 1727 creaturae

340 1753 488 1818 potius
515 1769 648 1816 quam
676 1752 916 1800 Creatoriss.
951 1754 1061 1799 Nam
1085 1771 1160 1799 nos
1184 1771 1358 1818 quoque
1377 1764 1419 1799 et
1443 1753 1726 1798 Dominicum

344 1825 460 1870 diem
487 1834 528 1868 et
554 1822 725 1868 Pascha
750 1822 997 1869 solemniter
1016 1824 1302 1880 celebramus,
1326 1835 1368 1869 et
1389 1823 1606 1888 quaslibet
1623 1822 1727 1868 alias

344 1894 601 1942 christianas
620 1893 789 1939 dierum
808 1893 1072 1942 festivitates.
1104 1895 1188 1941 Sed
1207 1895 1310 1959 quia
1339 1894 1618 1954 intelligimus
1636 1910 1725 1957 quo

342 1966 606 2031 pertincant,
627 1981 715 2009 non
739 1975 932 2028 tempora
952 1966 1251 2022 observamus,
1275 1965 1348 2011 sed
1367 1982 1466 2028 quae
1487 1964 1571 2010 illis
1589 1963 1726 2023 signi-

343 2039 531 2083 ficantur
557 2035 843 2099 temporibus.
882 2037 1119 2083 Manichaei
1149 2048 1291 2082 autem
1316 2034 1376 2081 sic
1405 2052 1454 2081 ea
1484 2034 1727 2097 reprehen-

347 2108 476 2164 dunt,
497 2106 620 2170 quasi
639 2106 780 2151 nullos
798 2106 887 2152 dies
906 2118 948 2151 et
963 2118 1157 2170 tempora
1179 2107 1420 2153 observent.
1449 2105 1533 2151 Sed
1552 2122 1654 2151 cum
1675 2104 1728 2150 de

343 2179 413 2224 his
435 2177 757 2236 interrogantur
770 2176 1010 2222 secundum
1035 2178 1284 2241 opinionem
1306 2187 1433 2222 sectae
1452 2193 1558 2232 suae,
1582 2175 1727 2221 omnia

345 2259 562 2295 conantur
580 2264 807 2311 exponere,
831 2259 880 2294 ut
897 2266 983 2294 non
1001 2248 1094 2313 ipsa
1112 2260 1327 2313 tempora,
1346 2247 1418 2294 sed
1440 2265 1522 2302 res,
1539 2264 1728 2311 quarum

345 2318 421 2365 illa
451 2318 572 2378 signa
602 2328 721 2374 sunt,
757 2318 985 2365 observare
1018 2319 1260 2366 videantur.
1299 2319 1420 2375 Quas
1451 2317 1629 2382 quidem
1663 2334 1728 2364 res

342 2388 562 2437 fabulosas
598 2406 684 2434 esse
720 2400 848 2453 atque
882 2390 1155 2447 salsissimas,
1197 2390 1290 2437 aliis
1322 2389 1428 2435 locis
1463 2388 1721 2436 ostenditur.

346 2461 477 2506 Nunc
507 2458 566 2517 ad
594 2459 681 2505 hoc
706 2459 876 2506 dictum
915 2472 995 2517 est,
1030 2472 1077 2506 ut
1110 2479 1182 2508 ore
1217 2478 1294 2507 suo
1332 2471 1547 2520 cogantur
1581 2458 1723 2515 fateri,

345 2548 469 2596 posse
483 2530 583 2577 talia
594 2531 910 2578 rationabiliter
924 2532 1134 2579 celebrari
1148 2554 1159 2588 ;
1179 2543 1222 2579 et
1236 2532 1334 2579 ideo
1347 2530 1726 2578 circumcisionem

403 2616 412 2637 ¹
427 2615 533 2647 Galat.
548 2627 578 2651 v,
601 2625 708 2649 12.—
723 2612 961 2655 21d.1v‚10‚1
975 2627 1001 2646 1.
1017 2634 1059 2640 —-
1076 2613 1089 2637 3
1108 2619 1201 2648 Rom.
1217 2626 1238 2655 ι,
1255 2616 1310 2648 25.
