1795 3253
303 348 479 381 CONTRA
513 347 715 379 FAUSTUM
748 346 1048 387 MANICHAEL'M,
1087 349 1175 380 LIB.
1217 350 1278 381 v1.
1389 351 1480 400 279

111 427 231 463 erant
253 415 381 462 etiam
403 414 599 460 foeminae
624 413 779 477 aliquae
806 424 1078 476 praegnantes
1102 432 1112 458 ε
1140 432 1239 478 quae
1264 433 1365 462 cum
1388 434 1485 462 coe-

111 487 201 533 lum
226 486 359 533 rotari
377 485 579 549 coepisset
592 522 601 540 ‚
625 483 817 529 eamdem
841 483 1092 543 vertiginem
1111 484 1218 531 ferre
1234 504 1322 531 non
1340 487 1483 532 valen-

112 569 172 603 tes
187 595 197 614 ‚
228 567 466 620 conceptus
486 573 582 601 suos
602 555 757 600 abortu
776 554 1003 599 excussisse
1022 592 1032 610 ‚
1067 556 1322 620 eosdemque
1348 558 1484 603 obor-

115 630 222 675 rivos
249 627 382 674 foetus
405 637 447 673 et
469 625 683 672 masculos
717 636 759 671 et
783 624 986 671 foeminas
1018 625 1070 671 de
1089 626 1202 672 coelo
1244 627 1289 672 in
1327 637 1484 672 terram

112 698 313 744 cecidisse
332 735 343 754 ,
371 697 520 744 vixisse
540 734 550 752 ‚
573 696 752 742 crevisse
765 733 776 753 ‚
798 696 1084 741 concubuisse
1101 733 1111 753 ,
1131 697 1337 757 genuisse.
1368 698 1483 743 Hinc

112 768 368 835 esse-dicunt
390 767 599 827 originem
633 767 828 812 carnium
863 767 1087 823 omnium,
1128 784 1228 830 quae
1256 779 1486 814 moventur

111 840 156 885 in
180 850 288 884 terra
305 876 316 894 ‚
341 839 387 884 in
411 854 523 901 aqua
541 875 552 891 ‚
575 838 620 883 in
640 842 751 884 aere.
782 838 894 896 Ergo
916 836 950 882 si
969 836 1022 882 de
1042 836 1155 882 coelo
1175 848 1237 882 est
1256 838 1374 897 origo
1394 856 1486 883 car-

112 910 233 955 nium
252 946 263 965 ,
290 908 648 955 absurdissimum
672 919 734 954 est
763 918 945 972 propter
968 907 1055 952 boc
1079 924 1147 952 eas
1174 907 1486 953 immundiores

110 990 268 1044 putare
294 997 304 1024 ε
331 980 573 1043 praesertim
598 979 699 1042 quia
732 979 778 1025 in
813 979 907 1042 ipsa
940 988 1157 1024 structura
1184 978 1366 1035 mundi,
1389 996 1487 1024 eos-

112 1052 210 1097 dem
233 1050 455 1114 principes
488 1051 765 1096 tenebrarum
783 1088 793 1105 ‚
820 1051 880 1095 ita
908 1067 986 1113 per
1019 1066 1166 1094 omnes
1198 1050 1486 1095 contextiones

113 1141 135 1168 a
159 1121 337 1167 summis
360 1138 494 1185 usque
512 1121 565 1167 ad
585 1121 671 1166 ima
689 1121 912 1180 colligatos
935 1120 1089 1166 dicunt
1106 1157 1116 1176 ,
1142 1130 1191 1165 ut
1211 1131 1372 1183 quanto
1390 1123 1487 1184 qui-

112 1209 196 1256 que
227 1191 414 1255 amplius
438 1192 652 1237 haberent
685 1192 905 1237 commixti
938 1191 1066 1247 boni,
1105 1202 1227 1237 tanto
1259 1192 1485 1237 sublimius

112 1263 316 1309 collocari
342 1273 638 1308 mererentur:
674 1279 723 1308 ac
744 1279 820 1326 per
846 1262 933 1308 hoc
957 1261 1203 1307 mundiores
1228 1279 1374 1307 carnes
1397 1280 1483 1307 esse

112 1334 342 1390 deberent,
364 1349 552 1396 quarum
573 1333 692 1393 origo
719 1333 772 1378 de
791 1333 904 1379 coelo
927 1344 988 1378 est
1007 1371 1017 1389 ,
1048 1350 1181 1397 quam
1211 1332 1354 1393 fruges
1385 1351 1484 1397 quae

112 1404 314 1450 oriuntur
335 1421 383 1449 ex
406 1414 533 1450 terra.
566 1403 732 1450 Deinde
755 1404 864 1468 quid
882 1415 970 1449 tam
989 1405 1187 1449 insanum
1215 1403 1303 1449 dici
1321 1415 1478 1467 potest,

110 1492 240 1540 quam
266 1485 499 1538 conceptos
513 1474 644 1521 foetus
663 1486 761 1521 ante
780 1475 882 1521 vitae
900 1475 1247 1521 commixtionem
1267 1485 1388 1520 tanto
1413 1476 1483 1521 vi-

111 1546 300 1593 vaciores
322 1545 451 1591 fuisse
465 1583 475 1602 ,
505 1557 554 1591 ut
569 1557 610 1591 et
632 1546 819 1592 abortivi
837 1557 878 1592 et
895 1546 948 1592 de
971 1547 1085 1593 coelo
1103 1547 1147 1592 in
1170 1557 1327 1592 terram
1349 1564 1482 1592 ruen-

111 1629 172 1663 tes
195 1617 411 1670 viverent3
438 1617 670 1662 commixta
700 1628 844 1663 autem
866 1617 955 1664 vita
977 1617 1058 1662 nisi
1085 1628 1278 1680 tempore
1312 1628 1483 1663 maturo

111 1687 243 1744 editi,
264 1686 407 1732 vivere
428 1704 515 1732 non
531 1688 723 1751 possint,
752 1699 792 1733 et
816 1687 850 1733 si
876 1688 929 1733 de
953 1688 1085 1751 paulo
1111 1688 1260 1734 altiore
1281 1689 1379 1734 loco
1405 1706 1483 1734 ca-

111 1758 245 1813 dant,
266 1757 473 1803 continuo
493 1758 764 1805 moriantur?
784 1759 942 1822 [tique
960 1759 993 1804 si
1013 1776 1193 1819 regnum
1213 1759 1315 1805 vitae
1331 1770 1481 1805 contra

109 1846 289 1888 regnum
324 1828 474 1874 mortis
516 1828 808 1888 belligeravit,
848 1830 1078 1893 commixta
1118 1829 1208 1875 vita
1249 1831 1484 1876 vivaciores

108 1899 248 1945 facere
268 1898 449 1953 debuit,
472 1916 562 1944 non
582 1899 972 1963 corruptibiliores,
1012 1899 1143 1956 Quod
1169 1902 1201 1945 si
1225 1900 1270 1945 in
1299 1918 1375 1946 sua
1399 1919 1480 1946 na-

111 1982 207 2016 tura
224 1987 410 2034 quaeque
427 1987 492 2015 res
509 1970 643 2029 magis
662 1987 783 2015 suam
801 1970 955 2015 retinet
972 1971 1343 2034 incorruptionem
1361 2009 1371 2025 ‚
1394 1988 1483 2017 non

110 2041 218 2086 duas
241 2050 416 2085 naturas
439 2040 601 2085 bonam
621 2051 662 2085 et
681 2040 838 2086 malam
853 2078 863 2096 ‚
884 2041 956 2086 sed
980 2040 1088 2087 duas
1106 2042 1242 2087 bonas
1260 2079 1272 2099 ‚
1297 2059 1482 2105 quarum

110 2111 163 2156 sit
188 2127 274 2155 una
301 2109 480 2166 melior,
505 2109 748 2173 praedicare
771 2110 1032 2171 debuerunt.
1069 2112 1194 2157 Unde
1213 2113 1345 2172 igitur
1371 2130 1484 2158 asse-

109 2191 214 2226 runt
245 2179 561 2226 immundiores
589 2198 759 2238 carnes,
794 2199 902 2245 quas
932 2182 984 2228 de
1019 2182 1132 2228 coelo
1163 2201 1296 2243 genus
1327 2183 1484 2230 ducere

111 2251 324 2297 affirmant
338 2288 348 2306 ‚
368 2250 468 2307 istas
489 2250 698 2298 duntaxat
712 2253 914 2298 omnibus
929 2256 1080 2300 notas?
1103 2255 1210 2299 Nam
1230 2254 1322 2317 ipsa
1343 2255 1484 2318 prima

109 2339 296 2386 corpora
311 2321 566 2385 principum
587 2324 863 2369 tenebrarum
879 2362 889 2381 ‚
914 2341 961 2369 ex
978 2325 1208 2371 arboribus
1229 2325 1393 2371 ibidem
1410 2343 1484 2371 na-

111 2392 162 2438 tis
196 2403 407 2456 tanquam
440 2394 700 2439 vermiculos
733 2394 972 2458 opinantur
998 2407 1170 2449 exorta3
1196 2396 1310 2459 ipsas
1343 2407 1485 2441 autem

111 2464 286 2510 arbores
309 2480 356 2508 ex
377 2462 567 2527 quinque
594 2464 676 2510 illis
700 2465 933 2513 elementis.
967 2466 1158 2512 Proinde
1177 2467 1210 2512 si
1232 2467 1485 2512 animalium

110 2551 295 2597 corpora
327 2529 515 2596 primam
549 2535 756 2595 originem
788 2536 955 2582 habent
979 2555 1025 2582 ex
1047 2537 1301 2593 arboribus,
1329 2555 1486 2582 secun-

111 2604 213 2649 dam
234 2604 287 2650 de
309 2603 423 2650 coelo
437 2641 448 2658 ‚
476 2605 583 2670 quid
602 2623 744 2652 causae
762 2618 824 2652 est
847 2619 895 2653 ut
918 2608 1211 2654 immundiora
1229 2625 1358 2671 quam
1379 2608 1494 2654 sruc-

111 2685 181 2721 tus
196 2676 403 2722 arborum
417 2676 730 2724 existimentur?
752 2678 798 2724 Si
816 2690 1047 2743 propterea
1066 2680 1169 2743 quia
1184 2680 1496 2742 cummoriun-
