<?xml version="1.0" encoding="UTF-8"?>
<!DOCTYPE html PUBLIC "-//W3C//DTD XHTML 1.0 Transitional//EN"
    "http://www.w3.org/TR/xhtml1/DTD/xhtml1-transitional.dtd">
<html xmlns="http://www.w3.org/1999/xhtml" xml:lang="en" lang="en">
 <head>
  <title>
</title>
<meta http-equiv="Content-Type" content="text/html;charset=utf-8" />
  <meta name='ocr-system' content='tesseract 3.04.00' />
  <meta name='ocr-capabilities' content='ocr_page ocr_carea ocr_par ocr_line ocrx_word'/>
</head>
<body>
  <div class='ocr_page' id='page_1' title='image "./operaomniaaccura28auguuoft/operaomniaaccura28auguuoft_0308.png"; bbox 0 0 1795 3253; ppageno 0'>
   <div class='ocr_carea' id='block_1_1' title="bbox 327 246 1311 309">
    <p class='ocr_par' dir='ltr' id='par_1_1' title="bbox 327 246 1311 309">
     <span class='ocr_line' id='line_1_1' title="bbox 327 246 1311 309; baseline 0.004 -17"><span class='ocrx_word' id='word_1_1' title='bbox 327 246 418 309; x_wconf 73' lang='lat'>298</span> <span class='ocrx_word' id='word_1_2' title='bbox 748 261 784 293; x_wconf 82' lang='lat' dir='ltr'>s,</span> <span class='ocrx_word' id='word_1_3' title='bbox 826 261 1070 295; x_wconf 71' lang='lat' dir='ltr'>Aucusnm</span> <span class='ocrx_word' id='word_1_4' title='bbox 1106 263 1311 296; x_wconf 70' lang='lat' dir='ltr'>muscorl</span> 
     </span>
    </p>
   </div>
   <div class='ocr_carea' id='block_1_2' title="bbox 318 326 1712 2593">
    <p class='ocr_par' dir='ltr' id='par_1_2' title="bbox 318 326 1704 1313">
     <span class='ocr_line' id='line_1_2' title="bbox 328 326 1701 397; baseline 0.007 -28"><span class='ocrx_word' id='word_1_5' title='bbox 328 350 346 368; x_wconf 78' lang='grc'>»</span> <span class='ocrx_word' id='word_1_6' title='bbox 366 326 573 390; x_wconf 70' lang='lat' dir='ltr'>parvulus</span> <span class='ocrx_word' id='word_1_7' title='bbox 596 327 823 391; x_wconf 79' lang='lat' dir='ltr'>loquebar,</span> <span class='ocrx_word' id='word_1_8' title='bbox 852 342 899 376; x_wconf 91' lang='lat' dir='ltr'>ut</span> <span class='ocrx_word' id='word_1_9' title='bbox 917 331 1124 394; x_wconf 79' lang='lat' dir='ltr'>parvulus</span> <span class='ocrx_word' id='word_1_10' title='bbox 1142 332 1388 394; x_wconf 79' lang='lat' dir='ltr'>sapiebam,</span> <span class='ocrx_word' id='word_1_11' title='bbox 1417 343 1466 378; x_wconf 90' lang='lat' dir='ltr'>ut</span> <span class='ocrx_word' id='word_1_12' title='bbox 1490 333 1701 397; x_wconf 85' lang='lat' dir='ltr'>parvulus</span> 
     </span>
     <span class='ocr_line' id='line_1_3' title="bbox 326 398 1701 467; baseline 0.006 -26"><span class='ocrx_word' id='word_1_13' title='bbox 326 420 346 439; x_wconf 69' lang='lat'>&gt;2</span> <span class='ocrx_word' id='word_1_14' title='bbox 371 398 617 457; x_wconf 73' lang='lat' dir='ltr'>cogitabam</span> <span class='ocrx_word' id='word_1_15' title='bbox 640 417 650 443; x_wconf 74' lang='grc' dir='ltr'>ε</span> <span class='ocrx_word' id='word_1_16' title='bbox 688 416 787 445; x_wconf 88' lang='lat' dir='ltr'>cum</span> <span class='ocrx_word' id='word_1_17' title='bbox 815 412 956 449; x_wconf 90' lang='lat' dir='ltr'>autem</span> <span class='ocrx_word' id='word_1_18' title='bbox 987 403 1126 448; x_wconf 85' lang='lat' dir='ltr'>sactus</span> <span class='ocrx_word' id='word_1_19' title='bbox 1150 419 1244 447; x_wconf 90' lang='lat' dir='ltr'>sum</span> <span class='ocrx_word' id='word_1_20' title='bbox 1267 403 1364 458; x_wconf 80' lang='lat' dir='ltr'>vir,</span> <span class='ocrx_word' id='word_1_21' title='bbox 1407 421 1506 467; x_wconf 83' lang='lat' dir='ltr'>quae</span> <span class='ocrx_word' id='word_1_22' title='bbox 1526 404 1701 467; x_wconf 75' lang='lat' dir='ltr'>parvuli</span> 
     </span>
     <span class='ocr_line' id='line_1_4' title="bbox 324 469 1701 536; baseline 0.007 -25"><span class='ocrx_word' id='word_1_23' title='bbox 324 490 345 510; x_wconf 85' lang='lat'>»</span> <span class='ocrx_word' id='word_1_24' title='bbox 369 480 489 513; x_wconf 83' lang='lat' dir='ltr'>erant</span> <span class='ocrx_word' id='word_1_25' title='bbox 515 469 694 532; x_wconf 84' lang='lat' dir='ltr'>deposui</span> <span class='ocrx_word' id='word_1_26' title='bbox 714 469 744 517; x_wconf 77' lang='lat'>¹.</span> <span class='ocrx_word' id='word_1_27' title='bbox 775 494 794 512; x_wconf 87' lang='lat'>»</span> <span class='ocrx_word' id='word_1_28' title='bbox 819 474 948 529; x_wconf 85' lang='lat' dir='ltr'>Quod</span> <span class='ocrx_word' id='word_1_29' title='bbox 969 474 1001 519; x_wconf 91' lang='lat' dir='ltr'>si</span> <span class='ocrx_word' id='word_1_30' title='bbox 1027 474 1083 518; x_wconf 89' lang='lat' dir='ltr'>ita</span> <span class='ocrx_word' id='word_1_31' title='bbox 1109 482 1170 517; x_wconf 84' lang='lat' dir='ltr'>est</span> <span class='ocrx_word' id='word_1_32' title='bbox 1186 510 1196 527; x_wconf 78' lang='grc'><em>,</em></span> <span class='ocrx_word' id='word_1_33' title='bbox 1223 474 1331 536; x_wconf 80' lang='lat' dir='ltr'>quid</span> <span class='ocrx_word' id='word_1_34' title='bbox 1361 492 1458 534; x_wconf 80' lang='lat' dir='ltr'>ergo</span> <span class='ocrx_word' id='word_1_35' title='bbox 1480 485 1521 520; x_wconf 86' lang='lat' dir='ltr'>et</span> <span class='ocrx_word' id='word_1_36' title='bbox 1543 492 1620 519; x_wconf 91' lang='lat' dir='ltr'>nos</span> <span class='ocrx_word' id='word_1_37' title='bbox 1637 477 1701 520; x_wconf 90' lang='lat' dir='ltr'>in-</span> 
     </span>
     <span class='ocr_line' id='line_1_5' title="bbox 323 540 1702 599; baseline 0.006 -15"><span class='ocrx_word' id='word_1_38' title='bbox 323 540 520 599; x_wconf 73' lang='lat' dir='ltr'>dignum</span> <span class='ocrx_word' id='word_1_39' title='bbox 542 540 743 597; x_wconf 67' lang='lat' dir='ltr'>iacimus,</span> <span class='ocrx_word' id='word_1_40' title='bbox 770 543 803 588; x_wconf 90' lang='lat' dir='ltr'>si</span> <span class='ocrx_word' id='word_1_41' title='bbox 849 562 1005 590; x_wconf 75' lang='lat' dir='ltr'>novam</span> <span class='ocrx_word' id='word_1_42' title='bbox 1028 555 1069 589; x_wconf 77' lang='lat' dir='ltr'>et</span> <span class='ocrx_word' id='word_1_43' title='bbox 1095 544 1315 590; x_wconf 83' lang='lat' dir='ltr'>meliorem</span> <span class='ocrx_word' id='word_1_44' title='bbox 1358 546 1483 591; x_wconf 84' lang='lat' dir='ltr'>Pauli</span> <span class='ocrx_word' id='word_1_45' title='bbox 1514 557 1702 592; x_wconf 86' lang='lat' dir='ltr'>tenentes</span> 
     </span>
     <span class='ocr_line' id='line_1_6' title="bbox 322 610 1699 679; baseline 0.005 -24"><span class='ocrx_word' id='word_1_46' title='bbox 322 610 649 666; x_wconf 68' lang='lat' dir='ltr'>comessionem,</span> <span class='ocrx_word' id='word_1_47' title='bbox 675 624 859 659; x_wconf 67' lang='lat' dir='ltr'>veterem</span> <span class='ocrx_word' id='word_1_48' title='bbox 890 615 1009 660; x_wconf 86' lang='lat' dir='ltr'>illam</span> <span class='ocrx_word' id='word_1_49' title='bbox 1037 633 1085 660; x_wconf 82' lang='lat' dir='ltr'>ac</span> <span class='ocrx_word' id='word_1_50' title='bbox 1112 615 1365 661; x_wconf 86' lang='lat' dir='ltr'>deteriorem</span> <span class='ocrx_word' id='word_1_51' title='bbox 1412 617 1699 679; x_wconf 72' lang='lat' dir='ltr'>projicimus?</span> 
     </span>
     <span class='ocr_line' id='line_1_7' title="bbox 321 681 1702 749; baseline 0.004 -22"><span class='ocrx_word' id='word_1_52' title='bbox 321 682 409 727; x_wconf 84' lang='lat' dir='ltr'>Aut</span> <span class='ocrx_word' id='word_1_53' title='bbox 441 681 473 726; x_wconf 86' lang='lat' dir='ltr'>si</span> <span class='ocrx_word' id='word_1_54' title='bbox 500 682 622 727; x_wconf 68' lang='lat' dir='ltr'>vobis</span> <span class='ocrx_word' id='word_1_55' title='bbox 645 684 883 730; x_wconf 84' lang='lat' dir='ltr'>secundnm</span> <span class='ocrx_word' id='word_1_56' title='bbox 909 686 1027 749; x_wconf 86' lang='lat' dir='ltr'>quod</span> <span class='ocrx_word' id='word_1_57' title='bbox 1055 685 1109 730; x_wconf 89' lang='lat' dir='ltr'>ad</span> <span class='ocrx_word' id='word_1_58' title='bbox 1136 686 1356 731; x_wconf 81' lang='lat' dir='ltr'>Romanos</span> <span class='ocrx_word' id='word_1_59' title='bbox 1381 687 1558 742; x_wconf 83' lang='lat' dir='ltr'><strong>scribit,</strong></span> <span class='ocrx_word' id='word_1_60' title='bbox 1602 704 1702 732; x_wconf 85' lang='lat' dir='ltr'>cre-</span> 
     </span>
     <span class='ocr_line' id='line_1_8' title="bbox 322 751 1703 819; baseline 0.004 -22"><span class='ocrx_word' id='word_1_61' title='bbox 322 751 420 797; x_wconf 86' lang='lat' dir='ltr'>dere</span> <span class='ocrx_word' id='word_1_62' title='bbox 441 751 563 797; x_wconf 86' lang='lat' dir='ltr'>cordi</span> <span class='ocrx_word' id='word_1_63' title='bbox 587 763 675 807; x_wconf 81' lang='lat' dir='ltr'>est3</span> <span class='ocrx_word' id='word_1_64' title='bbox 704 754 829 799; x_wconf 82' lang='lat' dir='ltr'>nobis</span> <span class='ocrx_word' id='word_1_65' title='bbox 864 773 999 819; x_wconf 84' lang='lat' dir='ltr'>quare</span> <span class='ocrx_word' id='word_1_66' title='bbox 1035 755 1202 800; x_wconf 74' lang='lat' dir='ltr'>licitum</span> <span class='ocrx_word' id='word_1_67' title='bbox 1230 773 1317 802; x_wconf 90' lang='lat' dir='ltr'>non</span> <span class='ocrx_word' id='word_1_68' title='bbox 1344 757 1424 813; x_wconf 84' lang='lat' dir='ltr'>sit,</span> <span class='ocrx_word' id='word_1_69' title='bbox 1463 756 1703 802; x_wconf 86' lang='lat' dir='ltr'>secundum</span> 
     </span>
     <span class='ocr_line' id='line_1_9' title="bbox 322 822 1703 886; baseline 0.004 -20"><span class='ocrx_word' id='word_1_70' title='bbox 322 822 441 886; x_wconf 84' lang='lat' dir='ltr'>quod</span> <span class='ocrx_word' id='word_1_71' title='bbox 461 823 514 868; x_wconf 90' lang='lat' dir='ltr'>ad</span> <span class='ocrx_word' id='word_1_72' title='bbox 534 824 785 870; x_wconf 77' lang='lat' dir='ltr'>Corinthios</span> <span class='ocrx_word' id='word_1_73' title='bbox 803 824 1121 886; x_wconf 57' lang='lat' dir='ltr'>dogmatizare?</span> <span class='ocrx_word' id='word_1_74' title='bbox 1147 827 1358 880; x_wconf 79' lang='lat' dir='ltr'>Quamvis</span> <span class='ocrx_word' id='word_1_75' title='bbox 1378 838 1419 873; x_wconf 84' lang='lat' dir='ltr'>et</span> <span class='ocrx_word' id='word_1_76' title='bbox 1441 827 1528 873; x_wconf 88' lang='lat' dir='ltr'>hoc</span> <span class='ocrx_word' id='word_1_77' title='bbox 1550 826 1604 872; x_wconf 89' lang='lat' dir='ltr'>ad</span> <span class='ocrx_word' id='word_1_78' title='bbox 1624 825 1703 872; x_wconf 91' lang='lat' dir='ltr'>du-</span> 
     </span>
     <span class='ocr_line' id='line_1_10' title="bbox 321 894 1702 961; baseline 0.003 -23"><span class='ocrx_word' id='word_1_79' title='bbox 321 894 464 939; x_wconf 88' lang='lat' dir='ltr'>ritiam</span> <span class='ocrx_word' id='word_1_80' title='bbox 486 906 668 940; x_wconf 75' lang='lat' dir='ltr'>vestram</span> <span class='ocrx_word' id='word_1_81' title='bbox 710 896 767 941; x_wconf 90' lang='lat' dir='ltr'>ita</span> <span class='ocrx_word' id='word_1_82' title='bbox 794 896 1104 960; x_wconf 68' lang='lat' dir='ltr'>responderim.</span> <span class='ocrx_word' id='word_1_83' title='bbox 1138 897 1345 961; x_wconf 76' lang='lat' dir='ltr'>Alioquin</span> <span class='ocrx_word' id='word_1_84' title='bbox 1370 898 1484 943; x_wconf 83' lang='lat' dir='ltr'>absit</span> <span class='ocrx_word' id='word_1_85' title='bbox 1512 899 1702 960; x_wconf 83' lang='lat' dir='ltr'>Aposto-</span> 
     </span>
     <span class='ocr_line' id='line_1_11' title="bbox 324 964 1704 1032; baseline 0.004 -23"><span class='ocrx_word' id='word_1_86' title='bbox 324 964 414 1009; x_wconf 89' lang='lat' dir='ltr'>lum</span> <span class='ocrx_word' id='word_1_87' title='bbox 449 966 541 1021; x_wconf 66' lang='lat' dir='ltr'>noi,</span> <span class='ocrx_word' id='word_1_88' title='bbox 570 966 688 1029; x_wconf 87' lang='lat' dir='ltr'>quod</span> <span class='ocrx_word' id='word_1_89' title='bbox 710 967 964 1023; x_wconf 63' lang='lat' dir='ltr'>aedisutavit,</span> <span class='ocrx_word' id='word_1_90' title='bbox 988 984 1181 1030; x_wconf 87' lang='lat' dir='ltr'>unquam</span> <span class='ocrx_word' id='word_1_91' title='bbox 1208 967 1448 1024; x_wconf 80' lang='lat' dir='ltr'>destruere,</span> <span class='ocrx_word' id='word_1_92' title='bbox 1476 986 1528 1014; x_wconf 88' lang='lat' dir='ltr'>ne</span> <span class='ocrx_word' id='word_1_93' title='bbox 1546 986 1587 1014; x_wconf 85' lang='lat' dir='ltr'>se</span> <span class='ocrx_word' id='word_1_94' title='bbox 1611 969 1704 1032; x_wconf 84' lang='lat' dir='ltr'>ipse</span> 
     </span>
     <span class='ocr_line' id='line_1_12' title="bbox 318 1037 1704 1098; baseline 0.004 -19"><span class='ocrx_word' id='word_1_95' title='bbox 318 1037 700 1098; x_wconf 69' lang='lat' dir='ltr'>proevariczitorem</span> <span class='ocrx_word' id='word_1_96' title='bbox 727 1039 985 1093; x_wconf 80' lang='lat' dir='ltr'>constituat,</span> <span class='ocrx_word' id='word_1_97' title='bbox 1011 1048 1058 1083; x_wconf 88' lang='lat' dir='ltr'>ut</span> <span class='ocrx_word' id='word_1_98' title='bbox 1091 1049 1362 1084; x_wconf 69' lang='lat' dir='ltr'>contestatus</span> <span class='ocrx_word' id='word_1_99' title='bbox 1383 1039 1486 1085; x_wconf 76' lang='lat' dir='ltr'>cst‘2.</span> <span class='ocrx_word' id='word_1_100' title='bbox 1519 1039 1704 1085; x_wconf 88' lang='lat' dir='ltr'>Verum-</span> 
     </span>
     <span class='ocr_line' id='line_1_13' title="bbox 324 1107 1704 1173; baseline 0.004 -22"><span class='ocrx_word' id='word_1_101' title='bbox 324 1117 466 1151; x_wconf 80' lang='lat' dir='ltr'>tamen</span> <span class='ocrx_word' id='word_1_102' title='bbox 497 1107 529 1151; x_wconf 84' lang='lat' dir='ltr'>si</span> <span class='ocrx_word' id='word_1_103' title='bbox 550 1111 640 1167; x_wconf 87' lang='lat' dir='ltr'>ejus</span> <span class='ocrx_word' id='word_1_104' title='bbox 665 1119 726 1154; x_wconf 86' lang='lat' dir='ltr'>est</span> <span class='ocrx_word' id='word_1_105' title='bbox 766 1121 807 1155; x_wconf 88' lang='lat' dir='ltr'>et</span> <span class='ocrx_word' id='word_1_106' title='bbox 826 1110 946 1173; x_wconf 84' lang='lat' dir='ltr'>prior</span> <span class='ocrx_word' id='word_1_107' title='bbox 975 1110 1047 1155; x_wconf 89' lang='lat' dir='ltr'>illa</span> <span class='ocrx_word' id='word_1_108' title='bbox 1075 1111 1309 1165; x_wconf 80' lang='lat' dir='ltr'>sententia,</span> <span class='ocrx_word' id='word_1_109' title='bbox 1331 1127 1450 1156; x_wconf 89' lang='lat' dir='ltr'>nunc</span> <span class='ocrx_word' id='word_1_110' title='bbox 1476 1110 1704 1156; x_wconf 82' lang='lat' dir='ltr'>emendata</span> 
     </span>
     <span class='ocr_line' id='line_1_14' title="bbox 323 1177 1704 1227; baseline 0.004 -5"><span class='ocrx_word' id='word_1_111' title='bbox 323 1187 385 1222; x_wconf 88' lang='lat' dir='ltr'>est</span> <span class='ocrx_word' id='word_1_112' title='bbox 413 1177 511 1222; x_wconf 86' lang='lat' dir='ltr'>:sin</span> <span class='ocrx_word' id='word_1_113' title='bbox 538 1177 599 1222; x_wconf 87' lang='lat' dir='ltr'>sas</span> <span class='ocrx_word' id='word_1_114' title='bbox 627 1197 714 1225; x_wconf 92' lang='lat' dir='ltr'>non</span> <span class='ocrx_word' id='word_1_115' title='bbox 748 1191 809 1225; x_wconf 88' lang='lat' dir='ltr'>est</span> <span class='ocrx_word' id='word_1_116' title='bbox 852 1181 1038 1226; x_wconf 90' lang='lat' dir='ltr'>Paulum</span> <span class='ocrx_word' id='word_1_117' title='bbox 1076 1180 1401 1226; x_wconf 84' lang='lat' dir='ltr'>inemendatum</span> <span class='ocrx_word' id='word_1_118' title='bbox 1435 1180 1584 1227; x_wconf 84' lang='lat' dir='ltr'>dixisse</span> <span class='ocrx_word' id='word_1_119' title='bbox 1621 1180 1704 1227; x_wconf 87' lang='lat' dir='ltr'>ali-</span> 
     </span>
     <span class='ocr_line' id='line_1_15' title="bbox 327 1247 1110 1313; baseline 0.006 -22"><span class='ocrx_word' id='word_1_120' title='bbox 327 1247 434 1310; x_wconf 86' lang='lat' dir='ltr'>quid</span> <span class='ocrx_word' id='word_1_121' title='bbox 468 1265 680 1311; x_wconf 76' lang='lat' dir='ltr'>unquam,</span> <span class='ocrx_word' id='word_1_122' title='bbox 710 1250 846 1313; x_wconf 87' lang='lat' dir='ltr'>ipsius</span> <span class='ocrx_word' id='word_1_123' title='bbox 870 1268 955 1296; x_wconf 89' lang='lat' dir='ltr'>non</span> <span class='ocrx_word' id='word_1_124' title='bbox 983 1261 1058 1297; x_wconf 86' lang='lat' dir='ltr'>est.</span> <span class='ocrx_word' id='word_1_125' title='bbox 1090 1272 1110 1291; x_wconf 87' lang='lat'>»</span> 
     </span>
    </p>

    <p class='ocr_par' dir='ltr' id='par_1_3' title="bbox 321 1319 1712 2593">
     <span class='ocr_line' id='line_1_16' title="bbox 386 1319 1706 1384; baseline 0.003 -22"><span class='ocrx_word' id='word_1_126' title='bbox 386 1319 444 1364; x_wconf 91' lang='lat' dir='ltr'>ll.</span> <span class='ocrx_word' id='word_1_127' title='bbox 479 1320 741 1379; x_wconf 79' lang='lat' dir='ltr'>Augustinus</span> <span class='ocrx_word' id='word_1_128' title='bbox 768 1321 994 1384; x_wconf 84' lang='lat' dir='ltr'>respondit</span> <span class='ocrx_word' id='word_1_129' title='bbox 1017 1339 1027 1365; x_wconf 75' lang='grc' dir='ltr'>ε</span> <span class='ocrx_word' id='word_1_130' title='bbox 1054 1321 1150 1366; x_wconf 88' lang='lat' dir='ltr'>Hoc</span> <span class='ocrx_word' id='word_1_131' title='bbox 1181 1332 1243 1366; x_wconf 86' lang='lat' dir='ltr'>est</span> <span class='ocrx_word' id='word_1_132' title='bbox 1279 1321 1399 1384; x_wconf 85' lang='lat' dir='ltr'>quod</span> <span class='ocrx_word' id='word_1_133' title='bbox 1434 1320 1567 1384; x_wconf 88' lang='lat' dir='ltr'>paulo</span> <span class='ocrx_word' id='word_1_134' title='bbox 1607 1330 1706 1366; x_wconf 77' lang='lat' dir='ltr'>ante</span> 
     </span>
     <span class='ocr_line' id='line_1_17' title="bbox 323 1387 1707 1455; baseline 0.004 -22"><span class='ocrx_word' id='word_1_135' title='bbox 323 1387 428 1445; x_wconf 73' lang='lat' dir='ltr'>dixi,</span> <span class='ocrx_word' id='word_1_136' title='bbox 450 1389 552 1453; x_wconf 84' lang='lat' dir='ltr'>quia</span> <span class='ocrx_word' id='word_1_137' title='bbox 579 1391 655 1436; x_wconf 87' lang='lat' dir='ltr'>ubi</span> <span class='ocrx_word' id='word_1_138' title='bbox 680 1392 739 1437; x_wconf 88' lang='lat' dir='ltr'>sic</span> <span class='ocrx_word' id='word_1_139' title='bbox 761 1391 986 1438; x_wconf 87' lang='lat' dir='ltr'>manifesta</span> <span class='ocrx_word' id='word_1_140' title='bbox 1022 1392 1201 1438; x_wconf 87' lang='lat' dir='ltr'>veritate</span> <span class='ocrx_word' id='word_1_141' title='bbox 1218 1392 1289 1437; x_wconf 88' lang='lat' dir='ltr'>isti</span> <span class='ocrx_word' id='word_1_142' title='bbox 1312 1391 1625 1455; x_wconf 72' lang='lat' dir='ltr'>praefocantur,</span> <span class='ocrx_word' id='word_1_143' title='bbox 1657 1402 1707 1438; x_wconf 88' lang='lat' dir='ltr'>ut</span> 
     </span>
     <span class='ocr_line' id='line_1_18' title="bbox 323 1459 1706 1526; baseline 0.003 -22"><span class='ocrx_word' id='word_1_144' title='bbox 323 1459 478 1504; x_wconf 84' lang='lat' dir='ltr'>obsessi</span> <span class='ocrx_word' id='word_1_145' title='bbox 499 1459 704 1507; x_wconf 83' lang='lat' dir='ltr'>dilucidis</span> <span class='ocrx_word' id='word_1_146' title='bbox 727 1463 871 1509; x_wconf 71' lang='lat' dir='ltr'>verbis</span> <span class='ocrx_word' id='word_1_147' title='bbox 895 1473 1144 1508; x_wconf 84' lang='lat' dir='ltr'>sanctarum</span> <span class='ocrx_word' id='word_1_148' title='bbox 1169 1462 1496 1526; x_wconf 80' lang='lat' dir='ltr'>Scripturarum</span> <span class='ocrx_word' id='word_1_149' title='bbox 1511 1499 1521 1517; x_wconf 84' lang='lat'>,</span> <span class='ocrx_word' id='word_1_150' title='bbox 1545 1462 1706 1508; x_wconf 77' lang='lat' dir='ltr'>exitum</span> 
     </span>
     <span class='ocr_line' id='line_1_19' title="bbox 321 1530 1706 1598; baseline 0.003 -23"><span class='ocrx_word' id='word_1_151' title='bbox 321 1530 365 1575; x_wconf 92' lang='lat' dir='ltr'>in</span> <span class='ocrx_word' id='word_1_152' title='bbox 390 1530 449 1575; x_wconf 86' lang='lat' dir='ltr'>eis</span> <span class='ocrx_word' id='word_1_153' title='bbox 471 1530 654 1579; x_wconf 61' lang='lat' dir='ltr'>fallaciae</span> <span class='ocrx_word' id='word_1_154' title='bbox 675 1551 764 1578; x_wconf 80' lang='lat' dir='ltr'>suae</span> <span class='ocrx_word' id='word_1_155' title='bbox 787 1534 973 1598; x_wconf 87' lang='lat' dir='ltr'>reperire</span> <span class='ocrx_word' id='word_1_156' title='bbox 1004 1551 1090 1579; x_wconf 85' lang='lat' dir='ltr'>non</span> <span class='ocrx_word' id='word_1_157' title='bbox 1117 1533 1301 1597; x_wconf 80' lang='lat' dir='ltr'>possint,</span> <span class='ocrx_word' id='word_1_158' title='bbox 1324 1533 1370 1578; x_wconf 90' lang='lat' dir='ltr'>id</span> <span class='ocrx_word' id='word_1_159' title='bbox 1407 1532 1706 1579; x_wconf 87' lang='lat' dir='ltr'>testimonium</span> 
     </span>
     <span class='ocr_line' id='line_1_20' title="bbox 323 1601 1707 1668; baseline 0.003 -22"><span class='ocrx_word' id='word_1_160' title='bbox 323 1601 440 1665; x_wconf 86' lang='lat' dir='ltr'>quod</span> <span class='ocrx_word' id='word_1_161' title='bbox 459 1602 678 1666; x_wconf 85' lang='lat' dir='ltr'>prolatum</span> <span class='ocrx_word' id='word_1_162' title='bbox 712 1615 798 1662; x_wconf 75' lang='lat' dir='ltr'>est,</span> <span class='ocrx_word' id='word_1_163' title='bbox 834 1605 991 1651; x_wconf 84' lang='lat' dir='ltr'>falsum</span> <span class='ocrx_word' id='word_1_164' title='bbox 1026 1622 1112 1650; x_wconf 85' lang='lat' dir='ltr'>esse</span> <span class='ocrx_word' id='word_1_165' title='bbox 1140 1604 1416 1668; x_wconf 82' lang='lat' dir='ltr'>respondent.</span> <span class='ocrx_word' id='word_1_166' title='bbox 1442 1604 1481 1650; x_wconf 91' lang='lat' dir='ltr'>O</span> <span class='ocrx_word' id='word_1_167' title='bbox 1510 1620 1658 1650; x_wconf 78' lang='lat' dir='ltr'>Vocem</span> <span class='ocrx_word' id='word_1_168' title='bbox 1683 1622 1707 1650; x_wconf 84' lang='lat' dir='ltr'>a</span> 
     </span>
     <span class='ocr_line' id='line_1_21' title="bbox 323 1671 1706 1739; baseline 0.002 -22"><span class='ocrx_word' id='word_1_169' title='bbox 323 1674 501 1719; x_wconf 82' lang='lat' dir='ltr'>veritate</span> <span class='ocrx_word' id='word_1_170' title='bbox 531 1671 748 1735; x_wconf 70' lang='lat' dir='ltr'>fugacem,</span> <span class='ocrx_word' id='word_1_171' title='bbox 790 1676 835 1722; x_wconf 93' lang='lat' dir='ltr'>in</span> <span class='ocrx_word' id='word_1_172' title='bbox 861 1676 1046 1722; x_wconf 89' lang='lat' dir='ltr'>amentia</span> <span class='ocrx_word' id='word_1_173' title='bbox 1084 1675 1354 1739; x_wconf 78' lang='lat' dir='ltr'>pertinacem</span> <span class='ocrx_word' id='word_1_174' title='bbox 1379 1676 1388 1722; x_wconf 87' lang='lat'>!</span> <span class='ocrx_word' id='word_1_175' title='bbox 1429 1675 1574 1738; x_wconf 81' lang='lat' dir='ltr'>Usque</span> <span class='ocrx_word' id='word_1_176' title='bbox 1600 1674 1706 1721; x_wconf 82' lang='lat' dir='ltr'>adeo</span> 
     </span>
     <span class='ocr_line' id='line_1_22' title="bbox 324 1745 1708 1810; baseline 0.001 -21"><span class='ocrx_word' id='word_1_177' title='bbox 324 1745 487 1790; x_wconf 75' lang='lat' dir='ltr'>invicta</span> <span class='ocrx_word' id='word_1_178' title='bbox 505 1757 620 1801; x_wconf 71' lang='lat' dir='ltr'>sunt,</span> <span class='ocrx_word' id='word_1_179' title='bbox 642 1764 742 1810; x_wconf 75' lang='lat' dir='ltr'>quae</span> <span class='ocrx_word' id='word_1_180' title='bbox 765 1747 969 1794; x_wconf 76' lang='lat' dir='ltr'>adversus</span> <span class='ocrx_word' id='word_1_181' title='bbox 992 1765 1064 1793; x_wconf 65' lang='lat' dir='ltr'>os</span> <span class='ocrx_word' id='word_1_182' title='bbox 1085 1747 1138 1793; x_wconf 92' lang='lat' dir='ltr'>de</span> <span class='ocrx_word' id='word_1_183' title='bbox 1164 1747 1322 1793; x_wconf 76' lang='lat' dir='ltr'>divinis</span> <span class='ocrx_word' id='word_1_184' title='bbox 1336 1746 1577 1792; x_wconf 81' lang='lat' dir='ltr'>Codicibus</span> <span class='ocrx_word' id='word_1_185' title='bbox 1597 1763 1708 1810; x_wconf 91' lang='lat' dir='ltr'>pro-</span> 
     </span>
     <span class='ocr_line' id='line_1_23' title="bbox 324 1812 1707 1883; baseline 0.001 -23"><span class='ocrx_word' id='word_1_186' title='bbox 324 1812 543 1873; x_wconf 75' lang='lat' dir='ltr'>feruntur,</span> <span class='ocrx_word' id='word_1_187' title='bbox 570 1828 721 1863; x_wconf 86' lang='lat' dir='ltr'>utnon</span> <span class='ocrx_word' id='word_1_188' title='bbox 739 1819 793 1864; x_wconf 90' lang='lat' dir='ltr'>sit</span> <span class='ocrx_word' id='word_1_189' title='bbox 813 1819 930 1865; x_wconf 87' lang='lat' dir='ltr'>aliud</span> <span class='ocrx_word' id='word_1_190' title='bbox 956 1818 1075 1883; x_wconf 82' lang='lat' dir='ltr'>quod</span> <span class='ocrx_word' id='word_1_191' title='bbox 1099 1818 1253 1864; x_wconf 86' lang='lat' dir='ltr'>dicatis</span> <span class='ocrx_word' id='word_1_192' title='bbox 1270 1856 1280 1874; x_wconf 83' lang='lat'>‚</span> <span class='ocrx_word' id='word_1_193' title='bbox 1314 1818 1393 1863; x_wconf 87' lang='lat' dir='ltr'>nisi</span> <span class='ocrx_word' id='word_1_194' title='bbox 1417 1831 1488 1863; x_wconf 87' lang='lat' dir='ltr'>eos</span> <span class='ocrx_word' id='word_1_195' title='bbox 1512 1834 1598 1863; x_wconf 87' lang='lat' dir='ltr'>esse</span> <span class='ocrx_word' id='word_1_196' title='bbox 1620 1816 1707 1862; x_wconf 79' lang='lat' dir='ltr'>fal-</span> 
     </span>
     <span class='ocr_line' id='line_1_24' title="bbox 327 1888 1708 1952; baseline 0.003 -22"><span class='ocrx_word' id='word_1_197' title='bbox 327 1897 452 1934; x_wconf 83' lang='lat' dir='ltr'>satos.</span> <span class='ocrx_word' id='word_1_198' title='bbox 485 1888 596 1945; x_wconf 61' lang='lat' dir='ltr'>Qua*</span> <span class='ocrx_word' id='word_1_199' title='bbox 613 1892 705 1949; x_wconf 82' lang='lat' dir='ltr'>jam</span> <span class='ocrx_word' id='word_1_200' title='bbox 730 1891 964 1937; x_wconf 81' lang='lat' dir='ltr'>auctoritas</span> <span class='ocrx_word' id='word_1_201' title='bbox 987 1891 1230 1935; x_wconf 85' lang='lat' dir='ltr'>litterarum</span> <span class='ocrx_word' id='word_1_202' title='bbox 1251 1889 1426 1952; x_wconf 79' lang='lat' dir='ltr'>aperiri,</span> <span class='ocrx_word' id='word_1_203' title='bbox 1456 1888 1552 1952; x_wconf 83' lang='lat' dir='ltr'>quis</span> <span class='ocrx_word' id='word_1_204' title='bbox 1590 1905 1708 1934; x_wconf 85' lang='lat' dir='ltr'>sacer</span> 
     </span>
     <span class='ocr_line' id='line_1_25' title="bbox 328 1956 1709 2025; baseline 0.002 -24"><span class='ocrx_word' id='word_1_205' title='bbox 328 1956 440 2002; x_wconf 80' lang='lat' dir='ltr'>liber</span> <span class='ocrx_word' id='word_1_206' title='bbox 459 1958 595 2005; x_wconf 65' lang='lat' dir='ltr'>evolvi</span> <span class='ocrx_word' id='word_1_207' title='bbox 611 1997 621 2015; x_wconf 80' lang='lat'>‚</span> <span class='ocrx_word' id='word_1_208' title='bbox 649 1960 769 2025; x_wconf 87' lang='lat' dir='ltr'>quod</span> <span class='ocrx_word' id='word_1_209' title='bbox 795 1961 1107 2007; x_wconf 87' lang='lat' dir='ltr'>documentum</span> <span class='ocrx_word' id='word_1_210' title='bbox 1134 1959 1367 2019; x_wconf 81' lang='lat' dir='ltr'>cujuslibet</span> <span class='ocrx_word' id='word_1_211' title='bbox 1392 1960 1632 2023; x_wconf 82' lang='lat' dir='ltr'>Scripturae</span> <span class='ocrx_word' id='word_1_212' title='bbox 1653 1957 1709 2004; x_wconf 84' lang='lat' dir='ltr'>ad</span> 
     </span>
     <span class='ocr_line' id='line_1_26' title="bbox 331 2028 1710 2095; baseline 0.002 -23"><span class='ocrx_word' id='word_1_213' title='bbox 331 2028 653 2076; x_wconf 81' lang='lat' dir='ltr'>convincendos</span> <span class='ocrx_word' id='word_1_214' title='bbox 683 2049 846 2077; x_wconf 82' lang='lat' dir='ltr'>errores</span> <span class='ocrx_word' id='word_1_215' title='bbox 870 2043 1032 2080; x_wconf 37' lang='lat' dir='ltr'>vesti-es</span> <span class='ocrx_word' id='word_1_216' title='bbox 1066 2032 1195 2077; x_wconf 74' lang='lat' dir='ltr'>exseri</span> <span class='ocrx_word' id='word_1_217' title='bbox 1231 2041 1399 2095; x_wconf 79' lang='lat' dir='ltr'>potest,</span> <span class='ocrx_word' id='word_1_218' title='bbox 1438 2031 1472 2076; x_wconf 86' lang='lat' dir='ltr'>si</span> <span class='ocrx_word' id='word_1_219' title='bbox 1503 2031 1600 2076; x_wconf 71' lang='lat' dir='ltr'>haec</span> <span class='ocrx_word' id='word_1_220' title='bbox 1630 2047 1710 2076; x_wconf 87' lang='lat' dir='ltr'>vox</span> 
     </span>
     <span class='ocr_line' id='line_1_27' title="bbox 332 2097 1711 2167; baseline 0.003 -25"><span class='ocrx_word' id='word_1_221' title='bbox 332 2097 596 2157; x_wconf 78' lang='lat' dir='ltr'>admittitur,</span> <span class='ocrx_word' id='word_1_222' title='bbox 635 2102 667 2147; x_wconf 85' lang='lat' dir='ltr'>si</span> <span class='ocrx_word' id='word_1_223' title='bbox 703 2102 889 2162; x_wconf 85' lang='lat' dir='ltr'>alicujus</span> <span class='ocrx_word' id='word_1_224' title='bbox 917 2102 1122 2167; x_wconf 88' lang='lat' dir='ltr'>ponderis</span> <span class='ocrx_word' id='word_1_225' title='bbox 1163 2102 1437 2147; x_wconf 70' lang='lat' dir='ltr'>aestimatur‘?</span> <span class='ocrx_word' id='word_1_226' title='bbox 1481 2100 1612 2148; x_wconf 85' lang='lat' dir='ltr'>Aliud</span> <span class='ocrx_word' id='word_1_227' title='bbox 1650 2111 1711 2146; x_wconf 87' lang='lat' dir='ltr'>est</span> 
     </span>
     <span class='ocr_line' id='line_1_28' title="bbox 330 2170 1712 2237; baseline 0.001 -21"><span class='ocrx_word' id='word_1_228' title='bbox 330 2170 447 2233; x_wconf 87' lang='lat' dir='ltr'>ipsos</span> <span class='ocrx_word' id='word_1_229' title='bbox 470 2171 603 2217; x_wconf 82' lang='lat' dir='ltr'>libros</span> <span class='ocrx_word' id='word_1_230' title='bbox 625 2191 708 2218; x_wconf 72' lang='lat' dir='ltr'>non</span> <span class='ocrx_word' id='word_1_231' title='bbox 746 2174 964 2237; x_wconf 73' lang='lat' dir='ltr'>accipere,</span> <span class='ocrx_word' id='word_1_232' title='bbox 993 2184 1034 2219; x_wconf 84' lang='lat' dir='ltr'>et</span> <span class='ocrx_word' id='word_1_233' title='bbox 1069 2173 1189 2219; x_wconf 87' lang='lat' dir='ltr'>nullo</span> <span class='ocrx_word' id='word_1_234' title='bbox 1213 2189 1363 2219; x_wconf 85' lang='lat' dir='ltr'>eorum</span> <span class='ocrx_word' id='word_1_235' title='bbox 1402 2171 1580 2218; x_wconf 77' lang='lat' dir='ltr'>vinculo</span> <span class='ocrx_word' id='word_1_236' title='bbox 1605 2171 1712 2217; x_wconf 86' lang='lat' dir='ltr'>deti-</span> 
     </span>
     <span class='ocr_line' id='line_1_29' title="bbox 332 2242 1711 2308; baseline 0.001 -21"><span class='ocrx_word' id='word_1_237' title='bbox 332 2242 441 2296; x_wconf 78' lang='lat' dir='ltr'>neri‚</span> <span class='ocrx_word' id='word_1_238' title='bbox 461 2242 580 2306; x_wconf 89' lang='lat' dir='ltr'>quod</span> <span class='ocrx_word' id='word_1_239' title='bbox 607 2244 769 2303; x_wconf 83' lang='lat' dir='ltr'>Pagani</span> <span class='ocrx_word' id='word_1_240' title='bbox 795 2245 847 2290; x_wconf 90' lang='lat' dir='ltr'>de</span> <span class='ocrx_word' id='word_1_241' title='bbox 867 2246 1210 2292; x_wconf 85' lang='lat' dir='ltr'>omnibuslibris</span> <span class='ocrx_word' id='word_1_242' title='bbox 1234 2244 1404 2300; x_wconf 79' lang='lat' dir='ltr'>nostris,</span> <span class='ocrx_word' id='word_1_243' title='bbox 1428 2243 1711 2308; x_wconf 80' lang='lat' dir='ltr'>quodJudaei</span> 
     </span>
     <span class='ocr_line' id='line_1_30' title="bbox 332 2311 1712 2380; baseline 0.001 -22"><span class='ocrx_word' id='word_1_244' title='bbox 332 2311 386 2358; x_wconf 86' lang='lat' dir='ltr'>de</span> <span class='ocrx_word' id='word_1_245' title='bbox 425 2314 548 2359; x_wconf 69' lang='lat' dir='ltr'>Novo</span> <span class='ocrx_word' id='word_1_246' title='bbox 587 2315 862 2361; x_wconf 89' lang='lat' dir='ltr'>Testamento</span> <span class='ocrx_word' id='word_1_247' title='bbox 883 2316 1076 2373; x_wconf 78' lang='lat' dir='ltr'>faciunt,</span> <span class='ocrx_word' id='word_1_248' title='bbox 1102 2315 1220 2380; x_wconf 82' lang='lat' dir='ltr'>quod</span> <span class='ocrx_word' id='word_1_249' title='bbox 1237 2315 1424 2378; x_wconf 85' lang='lat' dir='ltr'>denique</span> <span class='ocrx_word' id='word_1_250' title='bbox 1444 2332 1519 2360; x_wconf 81' lang='lat' dir='ltr'>nos</span> <span class='ocrx_word' id='word_1_251' title='bbox 1554 2314 1640 2378; x_wconf 91' lang='lat' dir='ltr'>ipsi</span> <span class='ocrx_word' id='word_1_252' title='bbox 1657 2312 1712 2360; x_wconf 81' lang='lat' dir='ltr'>tle</span> 
     </span>
     <span class='ocr_line' id='line_1_31' title="bbox 332 2384 1709 2450; baseline 0 -21"><span class='ocrx_word' id='word_1_253' title='bbox 332 2384 481 2429; x_wconf 69' lang='lat' dir='ltr'>vestris</span> <span class='ocrx_word' id='word_1_254' title='bbox 495 2394 537 2429; x_wconf 88' lang='lat' dir='ltr'>et</span> <span class='ocrx_word' id='word_1_255' title='bbox 560 2384 743 2430; x_wconf 90' lang='lat' dir='ltr'>aliorum</span> <span class='ocrx_word' id='word_1_256' title='bbox 770 2386 1098 2443; x_wconf 74' lang='lat' dir='ltr'>haereticorum,</span> <span class='ocrx_word' id='word_1_257' title='bbox 1123 2387 1159 2433; x_wconf 87' lang='lat' dir='ltr'>si</span> <span class='ocrx_word' id='word_1_258' title='bbox 1182 2402 1291 2450; x_wconf 82' lang='lat' dir='ltr'>quos</span> <span class='ocrx_word' id='word_1_259' title='bbox 1319 2402 1416 2431; x_wconf 85' lang='lat' dir='ltr'>suos</span> <span class='ocrx_word' id='word_1_260' title='bbox 1436 2396 1478 2430; x_wconf 87' lang='lat' dir='ltr'>et</span> <span class='ocrx_word' id='word_1_261' title='bbox 1501 2385 1709 2449; x_wconf 89' lang='lat' dir='ltr'>proprios</span> 
     </span>
     <span class='ocr_line' id='line_1_32' title="bbox 333 2454 1710 2523; baseline 0.001 -24"><span class='ocrx_word' id='word_1_262' title='bbox 333 2454 519 2511; x_wconf 77' lang='lat' dir='ltr'>liabent,</span> <span class='ocrx_word' id='word_1_263' title='bbox 541 2455 611 2501; x_wconf 83' lang='lat' dir='ltr'>vel</span> <span class='ocrx_word' id='word_1_264' title='bbox 625 2456 678 2502; x_wconf 86' lang='lat' dir='ltr'>de</span> <span class='ocrx_word' id='word_1_265' title='bbox 701 2457 751 2503; x_wconf 91' lang='lat' dir='ltr'>iis</span> <span class='ocrx_word' id='word_1_266' title='bbox 778 2457 854 2522; x_wconf 85' lang='lat' dir='ltr'>qui</span> <span class='ocrx_word' id='word_1_267' title='bbox 879 2458 1155 2523; x_wconf 83' lang='lat' dir='ltr'>appellantur</span> <span class='ocrx_word' id='word_1_268' title='bbox 1180 2455 1428 2522; x_wconf 70' lang='lat' dir='ltr'>apocryphi</span> <span class='ocrx_word' id='word_1_269' title='bbox 1450 2474 1460 2502; x_wconf 90' lang='lat'>:</span> <span class='ocrx_word' id='word_1_270' title='bbox 1483 2473 1572 2502; x_wconf 89' lang='lat' dir='ltr'>non</span> <span class='ocrx_word' id='word_1_271' title='bbox 1590 2454 1710 2520; x_wconf 88' lang='lat' dir='ltr'>quod</span> 
     </span>
     <span class='ocr_line' id='line_1_33' title="bbox 335 2522 1712 2593; baseline 0.001 -21"><span class='ocrx_word' id='word_1_272' title='bbox 335 2525 531 2573; x_wconf 85' lang='lat' dir='ltr'>habendi</span> <span class='ocrx_word' id='word_1_273' title='bbox 553 2522 638 2573; x_wconf 81' lang='lat' dir='ltr'>sint</span> <span class='ocrx_word' id='word_1_274' title='bbox 661 2527 705 2573; x_wconf 90' lang='lat' dir='ltr'>in</span> <span class='ocrx_word' id='word_1_275' title='bbox 730 2528 876 2593; x_wconf 82' lang='lat' dir='ltr'>aliqua</span> <span class='ocrx_word' id='word_1_276' title='bbox 903 2530 1159 2576; x_wconf 84' lang='lat' dir='ltr'>auctoritate</span> <span class='ocrx_word' id='word_1_277' title='bbox 1173 2539 1351 2584; x_wconf 83' lang='lat' dir='ltr'>secreta,</span> <span class='ocrx_word' id='word_1_278' title='bbox 1377 2527 1451 2574; x_wconf 87' lang='lat' dir='ltr'>sed</span> <span class='ocrx_word' id='word_1_279' title='bbox 1470 2528 1573 2592; x_wconf 78' lang='lat' dir='ltr'>quia</span> <span class='ocrx_word' id='word_1_280' title='bbox 1591 2525 1712 2573; x_wconf 87' lang='lat' dir='ltr'>nulla</span> 
     </span>
    </p>
   </div>
   <div class='ocr_carea' id='block_1_3' title="bbox 387 2609 1010 2650">
    <p class='ocr_par' dir='ltr' id='par_1_4' title="bbox 387 2609 1010 2650">
     <span class='ocr_line' id='line_1_34' title="bbox 387 2609 1010 2650; baseline 0.003 -9"><span class='ocrx_word' id='word_1_281' title='bbox 387 2609 396 2631; x_wconf 90' lang='lat'>¹</span> <span class='ocrx_word' id='word_1_282' title='bbox 425 2622 435 2641; x_wconf 88' lang='lat'><em>1</em></span> <span class='ocrx_word' id='word_1_283' title='bbox 462 2612 535 2642; x_wconf 83' lang='lat' dir='ltr'>Cor.</span> <span class='ocrx_word' id='word_1_284' title='bbox 553 2621 632 2649; x_wconf 81' lang='lat' dir='ltr'>xm,</span> <span class='ocrx_word' id='word_1_285' title='bbox 651 2622 761 2643; x_wconf 81' lang='lat'>11.—</span> <span class='ocrx_word' id='word_1_286' title='bbox 778 2609 793 2634; x_wconf 84' lang='lat'>²</span> <span class='ocrx_word' id='word_1_287' title='bbox 814 2612 894 2644; x_wconf 77' lang='lat' dir='ltr'>Psal.</span> <span class='ocrx_word' id='word_1_288' title='bbox 914 2624 939 2650; x_wconf 91' lang='lat'>1,</span> <span class='ocrx_word' id='word_1_289' title='bbox 959 2615 1010 2644; x_wconf 88' lang='lat'>18.</span> 
     </span>
    </p>
   </div>
  </div>
 </body>
</html>
