1795 3253
326 249 384 303 1²⁴0
748 267 782 298 S.
826 266 1070 297 Anae-snm
1105 264 1307 295 triscom

326 334 426 379 tiam
468 333 655 379 hominis
691 345 733 380 et
771 335 1096 380 sincerissimam
1135 332 1213 377 Dei
1248 331 1470 377 veritatem
1506 331 1700 379 medium

324 403 533 466 quiddam
563 404 859 467 interpositam
885 422 970 449 esse
996 403 1184 449 hominis
1219 403 1487 465 sapientiam.
1521 403 1700 465 Sapiens

321 473 432 518 euim
451 511 462 521 .
489 485 698 536 (plantum
720 475 867 520 datum
894 486 980 524 est,
1011 474 1208 519 imitatur
1231 473 1368 517 Deum
1390 489 1400 516 t
1427 472 1594 517 homini
1617 490 1698 517 au-

324 554 407 588 tem
434 543 589 591 stulto.
624 545 676 590 ad
711 545 973 590 imitandum
1007 543 1259 597 salubriter,
1292 541 1404 587 nihil
1427 552 1489 586 cst
1522 541 1700 587 homine

322 614 512 676 sapiente,
543 615 862 678 propinquius:
891 632 1018 678 quem
1054 613 1258 677 quoniam
1281 649 1292 668 ‚
1330 622 1377 657 ut
1406 611 1573 657 dictum
1609 623 1696 668 est,

323 683 555 743 intelligere
583 686 742 730 ratione
762 704 846 730 non
871 685 996 730 saeile
1013 695 1074 729 est
1091 722 1101 731 .
1130 683 1361 747 oportebat
1384 682 1586 746 quaedam
1612 683 1700 728 ini-

327 755 471 799 raeula
491 756 593 817 ipsis
615 757 748 801 oeulis
771 757 987 802 admoveri
1004 793 1013 803 .
1037 756 1196 819 quibus
1222 765 1406 800 utuntur
1424 754 1543 800 stulti
1563 753 1701 799 multo

323 842 452 888 quam
497 836 635 871 mente
665 827 963 882 commodius,
1004 837 1050 871 ut
1088 836 1406 870 eommotorum
1448 825 1701 870 auctoritate

325 895 552 940 hominum
577 898 697 960 prius
720 898 805 943 vita
828 915 1049 960 moresque
1068 906 1382 959 purgarentur,
1410 906 1451 940 et
1471 896 1529 940 ita
1547 894 1702 940 rationi

325 966 593 1028 accipienda·
634 967 799 1013 habiles
831 971 994 1014 lierent.
1037 969 1147 1012 (lum
1192 967 1324 1026 igitur
1357 977 1398 1011 et
1434 966 1566 1011 homo
1598 976 1703 1011 esset

323 1035 585 1082 imitandus.
613 1048 653 1082 et
675 1055 760 1083 non
786 1039 828 1083 in
855 1038 1030 1084 homine
1055 1055 1150 1100 spes
1166 1037 1393 1101 ponenda3
1421 1035 1525 1099 quid
1558 1036 1704 1099 potuit

325 1105 617 1166 indulgentius
648 1119 688 1152 et
723 1108 943 1154 liberalius
975 1109 1185 1154 dixiuitus
1213 1108 1329 1162 ficri,
1363 1124 1495 1170 quam
1534 1117 1582 1151 ut
1611 1106 1703 1170 ipsa

326 1175 404 1219 Dei
437 1176 624 1226 sineera,
653 1189 837 1234 aeterna,
870 1178 1326 1240 ineommutabilisque
1355 1176 1574 1240 Sapientia
1592 1214 1602 1231 ‚
1632 1176 1703 1222 cui

327 1263 400 1290 nos
425 1246 588 1291 hau-cre
609 1260 803 1311 oportet,
833 1250 1049 1312 suscipere
1075 1250 1296 1294 hominem
1317 1249 1595 1308 dignaretur?
1616 1247 1704 1303 Qui

328 1332 411 1359 non
447 1317 575 1361 modo
601 1318 673 1363 illa
697 1319 880 1373 laceret,
908 1321 1070 1382 quibus
1093 1319 1145 1364 ad
1173 1320 1437 1382 sequendum
1467 1321 1602 1364 Deum
1632 1318 1703 1363 in-

327 1386 587 1441 vitaremur3
615 1388 687 1434 sed
706 1389 832 1434 etiam
864 1390 936 1435 illa
972 1400 1191 1453 pateretur
1210 1426 1219 1443 ‚
1247 1390 1410 1453 quibus
1433 1407 1454 1434 a
1487 1387 1705 1451 sequendo

327 1457 418 1501 Deo
451 1457 786 1506 deterrebamur.
828 1461 936 1505 Ram
976 1477 1077 1506 cum
1120 1459 1301 1523 adipisci
1335 1460 1619 1504 certissimum
1655 1475 1705 1504 ac

326 1543 542 1572 summum
569 1530 734 1574 honum
763 1547 888 1575 nemo
908 1530 1067 1593 possit,
1092 1530 1171 1575 nisi
1200 1529 1244 1574 id
1275 1529 1401 1592 plene
1430 1529 1707 1593 perfecteque

326 1597 543 1651 dilexerim
568 1599 685 1662 quod
711 1600 830 1645 nullo
857 1611 984 1664 paeto
1014 1601 1086 1645 fiet
1103 1637 1113 1655 ‚
1140 1599 1337 1664 quandiu
1369 1599 1481 1645 mala
1511 1599 1707 1663 corporis

327 1679 455 1731 atque
479 1670 653 1715 fortuita
684 1670 975 1717 lormidantur
998 1689 1008 1715 ε
1044 1671 1114 1716 ille
1147 1669 1361 1715 nascendo
1385 1669 1643 1716 mirabiliter
1664 1679 1707 1714 et

327 1739 548 1801 operando
569 1741 815 1787 eonciliavit
839 1742 1094 1787 charitatem
1116 1762 1126 1796 ς
1157 1740 1381 1786 moriendo
1409 1752 1551 1786 autem
1575 1751 1616 1786 et
1634 1758 1706 1786 re-

327 1811 540 1870 surgendo
564 1812 739 1858 exclusit
778 1813 993 1861 timorem.
1026 1815 1229 1859 Jamvero
1256 1812 1381 1857 talem
1402 1830 1443 1857 se
1469 1813 1513 1857 in
1541 1811 1707 1858 caeteris

327 1880 454 1925 rebus
478 1882 681 1928 omnibus
710 1884 929 1946 praebuit,
960 1901 1068 1948 quas
1098 1882 1298 1946 persequi
1326 1882 1503 1942 longum
1539 1893 1601 1928 est
1621 1919 1630 1937 ‚
1656 1893 1706 1928 ut

326 1960 365 1993 et
397 1949 543 1996 divina
579 1951 805 1999 clementia
836 1971 924 2017 quo
955 1953 1118 2016 porrigi
1139 1991 1148 2009 ‚
1184 1964 1226 1998 et
1254 1953 1444 1998 humana
1478 1952 1706 1998 infirmitas

325 2038 412 2083 quo
435 2023 570 2084 possit
587 2024 710 2069 evehi
731 2025 996 2071 sentiremus.

395 2093 594 2139 Xxxlv.
627 2095 733 2138 llaec
757 2106 840 2151 est3
862 2095 1013 2150 erede,
1035 2093 1318 2140 saluberrima
1339 2094 1586 2150 auctoritas,
1606 2094 1704 2140 liaec

325 2162 448 2225 prius
474 2163 626 2208 mentis
650 2175 809 2210 nostrae
842 2183 863 2209 a
902 2175 1069 2210 terrena
1102 2164 1421 2210 inhabitatione
1452 2165 1699 2227 suspensio,

326 2233 424 2278 >lia-*e
446 2233 489 2277 in
515 2234 655 2279 Deum
683 2252 833 2280 verum
865 2236 919 2280 ab
944 2235 1077 2296 hujus
1108 2234 1261 2281 muudi
1293 2252 1436 2280 amore
1461 2235 1696 2281 conversio.

328 2302 428 2348 Sola
452 2315 513 2349 est
538 2305 770 2351 auctoritas
786 2343 796 2362 ,
817 2323 916 2369 quae
936 2317 1179 2352 commovet
1203 2306 1355 2352 stultos
1381 2316 1430 2351 ut
1454 2304 1508 2351 ad
1529 2305 1704 2369 sapien-

327 2373 427 2418 tiam
450 2373 663 2422 festinent.
687 2376 896 2432 Quandiu
915 2376 1151 2437 intelligere
1165 2377 1327 2423 sincera
1346 2393 1433 2421 non
1451 2392 1699 2440 possumus,

326 2445 578 2491 auctoritate
601 2446 774 2509 quidem
811 2447 953 2511 decipi
981 2449 1180 2494 miserum
1202 2457 1264 2493 est
1293 2465 1303 2492 :
1328 2446 1400 2493 sed
1425 2457 1538 2492 certe
1569 2447 1702 2492 mise-

325 2514 412 2558 rius
436 2531 523 2560 non
549 2516 724 2563 moveri.
763 2517 808 2563 Si
832 2518 945 2563 enim
971 2518 1049 2564 Dei
1078 2517 1351 2583 providentia
1381 2534 1468 2562 non
1496 2515 1702 2581 praesidet

327 2584 452 2631 rebus
474 2586 700 2644 humanis,
734 2587 843 2635 nihil
877 2600 939 2636 est
966 2589 1018 2635 de
1056 2589 1260 2652 religione
1293 2587 1590 2649 satagendum.
1624 2588 1700 2635 Sin
