1795 3253
342 311 399 344 DE
435 306 662 341 UTILITATE
697 305 944 349 CREDENDI,
983 307 1070 339 ΗΒ.
1111 307 1141 339 1.
1381 295 1436 350 41

64 396 167 426 vero
187 389 229 424 et
252 377 416 442 species
441 391 583 421 rerum
602 372 795 418 omnium
815 409 827 429 ‚
853 389 986 436 quam
1006 374 1207 437 profecto
1233 392 1279 422 ex
1301 377 1445 441 aliquo

66 450 298 496 verissimae
337 443 682 511 pulchritudinis
716 443 834 488 fonte
858 460 1032 489 manare
1066 445 1330 492 credendum
1354 458 1440 502 est,

67 531 108 567 et
123 519 299 566 interior
315 518 457 563 nescio
475 532 573 580 quae
590 514 851 560 conscientia
870 515 1009 559 Deum
1025 517 1311 578 quaerendum
1330 519 1442 564 Deo-

66 608 149 656 que
177 588 448 636 serviendum
474 585 668 631 meliores
697 601 892 648 quosque
921 585 1086 631 animos
1114 587 1237 650 quasi
1266 588 1444 650 publice

66 660 357 726 privatimque
390 658 614 710 hortatur3
647 672 737 701 non
761 666 822 701 est
845 655 1163 719 desperandum
1202 658 1258 703 ab
1293 658 1444 704 eodem

65 731 158 795 ipso
193 730 284 774 Deo
316 727 618 773 auctoritatem
647 725 840 788 aliquam
870 727 1175 783 constitutam,
1210 744 1297 791 quo
1323 728 1444 773 velut

65 799 201 862 gradu
214 808 330 845 certo
351 797 601 852 innitentes,
625 795 876 841 attollamur
893 796 937 841 in
959 797 1113 843 Deum.
1141 798 1250 843 Haec
1275 809 1438 854 autem,

66 869 249 933 seposita
284 867 472 919 ratione,
515 883 648 929 quam
689 866 898 912 sinceram
932 866 1169 926 intelligere
1184 905 1194 923 ‚
1241 879 1290 913 ut
1331 886 1446 932 saepe

67 939 250 986 diximus
266 975 277 994 ‚
304 936 611 983 difficillimum
635 936 773 982 stultis
792 947 877 993 est,
906 936 1143 1000 dupliciter
1171 955 1248 984 nos
1274 950 1441 995 movet,

66 1010 227 1074 partim
246 1007 464 1054 miraculis
481 1045 492 1061 ‚
513 1007 674 1070 partim
694 1006 964 1071 sequentium
993 1008 1287 1056 multitudine.
1322 1010 1445 1055 Nihil

67 1080 226 1126 horum
246 1088 307 1124 est
323 1078 604 1123 necessarium
628 1078 837 1141 sapienti3
860 1077 956 1140 quis
977 1089 1102 1138 negat
1119 1082 1137 1124 ἶ)
1157 1079 1242 1125 Sed
1263 1079 1308 1124 id
1325 1097 1445 1125 nunc

69 1150 210 1210 agitur
227 1187 238 1205 ,
261 1159 309 1194 ut
328 1149 538 1212 sapientes
555 1164 639 1192 csse
659 1149 871 1211 possimus
885 1185 895 1204 ,
922 1148 967 1193 id
987 1159 1049 1194 est
1062 1186 1072 1205 ,
1098 1149 1312 1195 inhaerere
1335 1151 1446 1196 veri-

68 1221 181 1266 tati:
208 1219 327 1284 quod
359 1218 554 1282 profecto
586 1218 786 1264 sordidus
811 1220 977 1265 animus
1008 1237 1096 1265 non
1131 1231 1288 1284 potest.
1333 1222 1446 1267 Sunt

69 1301 212 1335 autem
234 1289 378 1335 sordes
405 1289 564 1344 animi,
588 1298 635 1333 ut
651 1289 774 1334 brevi
794 1289 1002 1351 explicem
1023 1327 1034 1346 ,
1062 1309 1183 1336 amor
1203 1291 1444 1354 quarumli-

68 1360 142 1405 bet
165 1376 308 1405 rcrum
324 1396 335 1415 ‚
361 1369 521 1422 praeter
539 1359 733 1404 animum
754 1369 796 1404 et
815 1360 952 1404 Deum
979 1377 989 1404 ε
1018 1378 1041 1405 a
1063 1360 1224 1423 quibus
1244 1360 1447 1407 sordibus

67 1441 231 1495 quanto
250 1441 312 1476 est
335 1431 433 1494 quis
455 1432 682 1493 purgatior
700 1467 710 1485 ,
736 1440 857 1475 tanto
874 1446 1022 1476 verum
1044 1430 1215 1477 facilius
1233 1432 1439 1479 intuetur.

68 1501 229 1546 Verum
250 1501 382 1560 igitur
400 1499 545 1545 videre
569 1499 675 1545 velle
692 1537 702 1555 ‚
733 1510 781 1544 ut
804 1500 997 1545 animum
1019 1517 1197 1563 purges,
1225 1518 1326 1547 cum
1350 1502 1446 1548 idco

67 1581 278 1636 purgetur
305 1581 353 1616 ut
369 1570 515 1615 videas
531 1606 542 1625 ‚
567 1587 814 1632 perversum
835 1580 948 1616 certe
977 1581 1105 1633 atque
1122 1582 1443 1634 praeposterum

68 1652 143 1688 est.
174 1640 352 1686 Homini
378 1657 476 1700 ergo
499 1657 584 1684 non
603 1640 762 1685 valenti
780 1657 930 1686 verum
953 1640 1141 1697 intueri,
1164 1652 1212 1686 ut
1230 1642 1285 1687 ad
1307 1642 1352 1688 id
1370 1643 1446 1688 fiat

68 1711 271 1767 idoneus,
306 1710 572 1774 purgarique
610 1728 650 1755 se
691 1710 833 1767 sinat,
880 1712 1111 1757 auctoritas
1153 1724 1316 1775 praesto
1352 1724 1413 1759 est
1432 1734 1443 1767 ;

69 1799 200 1846 quam
220 1818 230 1838 ‚
271 1791 320 1827 ut
352 1780 486 1845 paulo
518 1791 614 1826 ante
649 1780 763 1837 dixi,
802 1782 963 1845 partim
996 1782 1247 1839 miraculis,
1284 1784 1445 1846 partim

70 1851 351 1898 multitudine
370 1851 512 1897 valere
525 1868 651 1896 nemo
667 1852 862 1911 ambigit.
889 1854 926 1897 M
936 1852 1147 1898 iraculum
1167 1870 1295 1909 voco,
1319 1854 1446 1917 quid-

69 1922 175 1987 quid
208 1922 395 1968 arduum
431 1932 504 1967 aut
535 1922 754 1968 insolitum
785 1939 916 1986 supra
949 1940 1067 1986 spem
1097 1923 1165 1969 vel
1196 1923 1447 1970 facultatem

70 1992 267 2038 mirantis
288 2002 487 2056 apparet.
517 1993 569 2037 In
593 2008 682 2055 quo
705 2009 855 2052 genere
878 1993 990 2038 nihil
1020 2004 1083 2038 est
1104 1993 1282 2056 populis
1300 1995 1445 2058 aptius

68 2073 111 2107 et
132 2063 308 2108 omnino
329 2062 472 2108 stultis
491 2062 745 2107 hominibus
763 2098 775 2118 ‚
799 2078 932 2125 quam
952 2062 996 2108 id
1015 2063 1133 2127 quod
1158 2064 1351 2110 sensibus
1372 2065 1447 2110 ad-

67 2142 278 2178 movetur.
312 2132 397 2178 Sed
430 2149 578 2177 rursus
601 2131 699 2178 haec
724 2132 770 2177 in
793 2132 880 2178 duo
906 2132 1165 2179 dividuntur
1194 2151 1204 2179 z
1241 2134 1444 2197 quaedam

67 2202 184 2248 enim
209 2212 309 2248 sunt
343 2219 442 2266 quae
471 2202 604 2248 solam
638 2202 806 2249 faciunt
841 2203 1203 2258 admirationem;
1239 2205 1445 2268 quaedam

67 2289 168 2317 vero
182 2289 382 2331 magnam
398 2272 525 2317 etiam
539 2273 719 2331 gratiam
733 2273 1168 2337 benevolentiamque
1185 2276 1438 2323 conciliant.

68 2342 177 2387 Nam
203 2341 235 2386 si
254 2341 352 2405 quis
370 2342 590 2388 volantem
612 2342 836 2388 hominem
859 2354 1010 2390 cernat
1027 2381 1038 2400 ‚
1062 2361 1163 2390 cum
1182 2362 1231 2391 ea
1249 2362 1314 2392 res
1331 2346 1445 2392 nihil

68 2411 301 2475 spectatori
335 2412 481 2457 afferat
510 2411 729 2458 commodi
751 2424 913 2476 praeter
936 2414 1081 2478 ipsum
1109 2416 1408 2479 spectaculum
1427 2453 1439 2473 ‚

67 2481 250 2526 miratur
288 2482 606 2528 tantummodo.
645 2482 691 2528 Si
714 2483 811 2546 quis
837 2493 980 2529 autem
1007 2484 1128 2544 gravi
1152 2495 1194 2531 et
1217 2485 1443 2549 desperato

67 2550 223 2596 morbo
249 2551 424 2597 affectus
442 2589 453 2606 ‚
486 2568 583 2597 mox
612 2562 659 2597 ut
685 2556 855 2613 jussum
875 2552 1007 2599 fuerit
1032 2554 1329 2612 convalescat,
1362 2555 1444 2602 ad-

69 2621 339 2669 mirationem
357 2623 549 2670 sanitatis
569 2639 659 2670 suae
674 2660 686 2680 ,
712 2625 901 2672 sanantis
923 2625 1053 2672 etiam
1078 2625 1291 2673 charitate
1309 2643 1442 2691 supe-
