1795 3253
332 311 423 340 200
754 312 789 342 S.
832 310 1074 343 AUGUSTINI
1110 311 1313 344 EPISCOPI

335 386 470 420 tactus
495 374 564 420 ille
588 393 675 421 non
709 376 839 432 latet3
871 378 989 441 quod
1016 397 1102 425 non
1130 380 1277 436 lieret,
1315 380 1396 426 nisi
1428 392 1516 427 tota
1546 392 1705 445 praesto

331 456 449 490 esset.
472 447 558 491 Noc
580 447 640 491 sic
656 457 743 492 tota
762 460 920 511 praesto
938 461 1021 500 est,
1047 467 1144 495 cum
1167 451 1355 510 tangitur
1377 451 1536 511 digitus
1555 463 1597 497 et
1614 470 1707 499 sen-

333 516 383 560 tit
404 517 446 561 in
461 516 614 576 digito,
630 529 947 564 utcatterorum
965 520 1130 565 deserat
1148 536 1326 583 corpus,
1341 532 1382 566 et
1399 539 1484 567 5050
1502 521 1555 567 ad
1573 539 1708 568 unum

331 587 454 633 illuni
478 588 621 634 locum
646 589 690 633 in
714 606 801 652 quo
822 592 948 636 sentit
972 592 1244 651 agglomeret.
1278 591 1362 637 Sed
1386 609 1487 638 cum
1507 603 1597 638 tota
1617 610 1710 638 sen-

335 658 384 703 tit
406 659 449 703 in
469 659 604 718 digito
626 677 777 705 manus
793 698 804 716 ‚
832 661 865 706 si
891 662 997 707 alius
1019 662 1138 707 locus
1164 672 1364 721 tangatur
1389 663 1433 707 in
1463 662 1575 725 pede
1593 700 1602 718 ‚
1632 680 1711 709 nec

331 729 395 774 ibi
417 728 572 774 desinit
612 740 698 775 tota
723 732 876 777 sentire
908 750 919 777 ι
949 743 1075 795 atque
1098 732 1156 776 ita
1180 732 1225 777 in
1249 732 1426 792 singulis
1449 733 1713 779 distantibus

333 799 442 844 locis
464 810 552 846 tota
573 801 702 846 simul
722 801 858 859 adest⁵
876 821 964 848 non
983 820 1118 848 unum
1136 802 1331 848 deserens
1349 814 1396 848 ut
1410 803 1455 849 in
1474 804 1608 849 altero
1628 815 1719 850 tota

337 870 391 915 sit
412 907 421 917 .
453 887 590 934 neque
615 873 674 917 ita
699 884 933 936 utrumque
957 885 1103 919 tenens
1127 884 1176 919 ut
1199 873 1325 919 aliam
1346 885 1514 937 partem
1538 875 1613 920 hic
1634 875 1718 920 ha-

341 942 466 989 beat.
491 952 532 986 ct
557 942 659 988 alibi
689 943 815 988 aliam
847 962 857 988 ε
889 945 963 990 sed
989 944 1203 989 sufficiens
1237 945 1438 990 exhibere
1474 962 1514 990 se
1544 945 1720 1005 singulis

338 1012 444 1057 locis
463 1013 590 1059 simul
615 1025 776 1071 totam,
805 1016 1013 1078 quoniam
1042 1026 1131 1061 tota
1161 1016 1288 1061 sentit
1311 1016 1358 1061 in
1377 1015 1552 1075 singulis
1571 1053 1582 1073 ‚
1623 1017 1721 1062 satis

338 1083 524 1129 ostendit
544 1103 584 1130 se.
604 1085 801 1131 locorum
825 1088 975 1151 spatiis
1000 1105 1087 1133 non
1108 1087 1257 1134 teneri.

408 1155 528 1210 Quid
564 1157 596 1201 si
625 1161 715 1216 ejus
737 1159 991 1204 memoriam
1013 1159 1249 1218 cogitemus
1271 1197 1281 1216 ‚
1318 1177 1407 1205 non
1430 1175 1575 1204 rerum
1599 1158 1722 1203 intel-

343 1225 576 1284 ligibilium
594 1264 604 1283 ‚
634 1228 705 1273 sed
731 1229 891 1275 harum
918 1247 1228 1293 corporearum
1247 1248 1379 1294 quam
1399 1241 1440 1275 et
1457 1230 1608 1275 bestiae
1637 1229 1723 1274 ha-

345 1297 447 1341 here
471 1297 743 1344 sentiuntur:
760 1309 878 1350 (nam
894 1311 936 1345 et
948 1318 1026 1363 per
1042 1300 1137 1346 loca
1153 1312 1255 1346 nota
1269 1302 1358 1347 sine
1374 1318 1517 1346 errore
1527 1303 1726 1359 jumenta

345 1378 562 1430 pergunt,
592 1380 633 1414 0[
658 1370 820 1415 cubilia
846 1388 921 1416 sua
952 1371 1100 1416 bestia}
1125 1382 1356 1434 repetunt,
1395 1382 1436 1416 et
1471 1387 1608 1415 canes·
1641 1369 1725 1414 do-

344 1438 565 1483 minorum
592 1457 770 1486 suorum
802 1458 990 1505 corpora
1022 1453 1337 1501 recognoscunt
1359 1479 1370 1495 ,
1403 1452 1444 1486 et
1467 1440 1726 1486 dormientes

344 1509 631 1574 plerumque
622 1523 978 1560 immmmuiant
998 1512 1095 1557 etin
1111 1512 1136 1556 l
1129 1523 1313 1557 azitrituin
1334 1510 1568 1575 aliquando
1585 1528 1629 1555 ei
1634 1527 1726 1555 um-

347 1581 597 1644 puntquod
623 1582 744 1627 nullo
776 1583 907 1628 modo
942 1594 1116 1646 possent
1152 1583 1233 1629 nisi
1269 1583 1313 1628 in
1348 1599 1495 1628 eorum
1523 1580 1729 1627 memoria

345 1651 535 1697 xisarum
550 1670 617 1698 iel
623 1670 694 1698 um
715 1653 782 1699 xel
800 1672 828 1717 l*
823 1672 878 1699 <r
898 1671 1058 1717 (orpus
1079 1665 1318 1717 utcumque
1339 1670 1557 1698 sensaium
1582 1669 1728 1698 versa—
1753 1669 1758 1672 ·

348 1733 501 1768 rentur
513 1724 774 1785 ima0ines).
800 1725 896 1786 quis
919 1724 989 1783 dig
981 1742 1048 1769 ne
1073 1741 1152 1777 co‹
1158 1725 1253 1779 itet,
1284 1724 1361 1769 ubi
1388 1724 1620 1785 capiantur
1638 1722 1728 1767 istae

348 1793 574 1852 imagines,
593 1794 670 1839 ubi
689 1805 906 1853 gestentur
920 1832 930 1851 ,
951 1795 1018 1841 vel
1038 1794 1115 1839 uhi
1129 1761 1410 1840 fornientur?
1436 1794 1481 1839 Si
1504 1793 1619 1838 enim
1642 1809 1730 1837 non

348 1874 523 1927 possent
539 1880 624 1909 esse
643 1866 825 1926 majores
844 1882 975 1928 quain
994 1865 1129 1910 nostri
1146 1865 1341 1928 corporis
1357 1863 1576 1926 quantitas
1595 1873 1726 1919 tenet,

347 1933 510 1979 diceret
533 1934 687 1997 aliquis
705 1972 715 1989 ,
741 1935 855 1981 intra
873 1937 966 1998 ipsa
987 1936 1051 1980 sui
1064 1936 1259 1998 corporis
1272 1935 1412 1998 spatia
1422 1934 1584 1998 quibus
1600 1944 1641 1979 et
1655 1933 1729 1979 illa

350 2004 648 2058 concluditur,
670 2005 750 2050 lias
766 2005 973 2065 imagines
987 2005 1174 2051 animam
1194 2006 1378 2065 figurare
1397 2015 1527 2067 atque
1545 2020 1723 2050 servare.

351 2075 480 2121 Nunc
501 2093 602 2122 vero
633 2093 733 2121 cum
767 2078 1043 2140 perexiguam
1073 2088 1197 2122 terrae
1223 2087 1392 2140 partem
1420 2086 1607 2139 occupet
1629 2092 1732 2121 cor-

343 2164 454 2210 pus,
484 2147 790 2193 immensarum
824 2148 1050 2207 regionum
1085 2159 1127 2194 et
1151 2148 1253 2193 coeli
1290 2164 1339 2193 ac
1368 2158 1493 2192 terrae
1525 2146 1732 2206 imagines

351 2217 520 2263 animus
538 2217 676 2262 volvit
697 2255 709 2273 ,
741 2219 902 2281 quibus
927 2219 1180 2266 catervatim
1202 2218 1524 2264 discedentibus
1548 2234 1598 2263 ac
1627 2234 1731 2263 suc-

352 2288 609 2334 cedentibus
633 2306 721 2334 non
748 2291 799 2335 fit
834 2301 1038 2351 angustus
1061 2309 1071 2335 :
1096 2301 1224 2354 atque
1247 2290 1354 2335 hinc
1377 2307 1419 2335 se
1438 2288 1623 2335 ostendit
1644 2305 1733 2334 non

353 2359 559 2404 diffusum
581 2376 667 2405 esse
688 2377 767 2423 per
787 2360 905 2407 locos
920 2399 930 2410 ,
960 2362 1063 2425 quia
1086 2362 1372 2407 maximorum
1395 2359 1594 2405 locorum
1618 2359 1733 2405 ima-

350 2430 525 2490 ginibus
549 2447 638 2476 non
663 2431 787 2493 quasi
806 2432 1000 2495 capitur,
1022 2433 1094 2478 sed
1112 2432 1257 2496 potius
1276 2449 1345 2477 eas
1362 2430 1481 2494 capit
1500 2451 1511 2484 3
1533 2447 1619 2476 non
1638 2431 1734 2475 sinu

351 2501 497 2564 aliquo
515 2539 525 2554 ,
553 2501 625 2547 sed
648 2502 692 2547 vi
715 2503 996 2567 potentiaque
1021 2503 1256 2558 ineffabili,
1283 2519 1369 2566 qua
1387 2502 1490 2547 licet
1512 2502 1570 2547 eis
1590 2512 1632 2546 et
1650 2501 1733 2546 ad-

349 2572 449 2617 dere
473 2572 705 2636 quodlibet
725 2584 767 2618 et
785 2573 1035 2632 detrahere,
1071 2586 1112 2621 et
1140 2575 1186 2621 in
1204 2584 1436 2634 angustum
1459 2590 1528 2619 eas
1553 2582 1732 2618 contra—

352 2642 479 2699 here,
503 2655 544 2689 et
564 2661 641 2708 per
659 2645 869 2693 immensa
891 2646 1158 2710 expandere,
1186 2656 1227 2693 et
1250 2644 1452 2693 ordinare
1476 2654 1524 2691 ut
1543 2643 1671 2700 velit,
1692 2654 1734 2689 et·
