1795 3253
300 284 393 340 534
726 301 759 330 s,
803 299 1043 332 Aususrixi
1081 301 1281 332 Episcopi

303 363 404 409 tales
422 363 608 423 virgines
627 364 828 419 fuerunt3
849 367 907 412 sie
933 385 1019 412 non
1045 367 1142 412 ideo
1169 368 1524 431 reprehendenda
1549 370 1677 416 sacri-

301 435 399 480 ficia
424 435 628 492 l'atrum,
647 437 747 499 quia
765 449 863 483 sunt
888 449 927 483 et
945 439 1153 484 sacrificia
1181 440 1385 486 Gentium
1410 458 1420 485 :
1446 442 1548 504 quia
1566 442 1679 487 sieut

299 506 412 551 inter
436 505 528 550 illas
547 506 814 566 virginitates
831 509 1020 555 multum
1043 509 1194 565 distat,
1213 511 1411 573 quamvis
1428 511 1540 558 nihil
1560 511 1680 558 aliud

299 576 453 632 distet,
481 576 561 622 nisi
590 593 689 640 quae
713 578 782 623 cui
818 591 1027 625 voveatur
1052 590 1180 644 atque
1218 580 1447 637 reddatur3
1482 581 1541 627 sie
1570 581 1681 627 inter

299 647 509 694 sacrificia
530 649 804 708 Paganorum
831 661 872 696 et
891 651 1182 697 I‘Iebra‘orum
1207 651 1393 697 multum
1429 652 1562 698 distat
1583 689 1593 708 ‚
1631 668 1680 698 eo

299 720 394 783 ipso
413 756 423 774 ‚
453 718 571 783 quod
594 718 680 764 hoe
700 719 839 765 solum
859 720 990 766 distat
1012 759 1021 775 ,
1049 738 1149 784 quae
1178 722 1248 767 cui
1273 723 1360 768 sint
1387 721 1609 768 immolata
1642 731 1684 766 et

300 790 448 836 oblata
471 807 480 834 z
504 789 575 835 illa
607 790 771 836 seilicet
800 793 1006 855 superbae
1028 793 1242 856 impietati
1269 793 1588 839 daemoniorum
1609 791 1683 838 id-

301 861 450 924 ipsum'
464 860 544 905 sibi
561 860 618 906 ob
632 861 721 906 hoe
742 863 1056 921 arrogantium,
1079 880 1166 926 quo
1183 862 1451 909 haberentur
1469 863 1529 910 dii
1547 900 1556 919 ,
1583 863 1685 926 quia

301 931 477 977 divinus
495 931 637 976 bonor
664 942 724 977 est
755 933 1021 978 sacrificium
1043 954 1054 986 ;
1089 933 1161 979 illa
1196 951 1297 979 vero
1322 934 1398 979 uni
1424 934 1513 979 Deo
1533 971 1544 989 ,
1575 943 1623 978 ut
1648 932 1685 977 ei

302 1002 528 1047 offerretur
551 1001 791 1047 similitudo
817 1003 1075 1066 promittens
1100 1004 1323 1050 veritatem
1358 1003 1557 1050 sacrificii
1577 1040 1587 1059 ‚
1616 1002 1686 1048 Cui

303 1083 394 1117 erat
419 1072 637 1117 offerenda
658 1073 751 1136 ipsa
773 1073 940 1119 reddita
967 1075 1122 1121 veritas
1140 1075 1184 1120 in
1204 1075 1401 1138 passione
1423 1074 1621 1138 corporis
1648 1083 1690 1118 et

303 1142 524 1202 sanguinis
550 1142 736 1190 tlhristi.
992 1162 995 1165 ·

371 1203 516 1259 XXII.
548 1214 698 1276 Neque
718 1214 850 1271 enim,
878 1216 991 1261 sieut
1020 1218 1203 1261 Faustus
1223 1215 1346 1271 dixit,
1372 1215 1539 1278 priores
1558 1214 1690 1260 nostri

307 1283 453 1330 Judaei
492 1284 699 1343 segregati
719 1303 741 1330 a
766 1285 1000 1341 Gentibus,
1028 1303 1131 1331 eum
1150 1285 1364 1349 templum
1393 1284 1623 1340 haberent,
1653 1294 1695 1329 et

308 1353 642 1410 immolationes,
664 1365 706 1399 et
731 1372 841 1411 aras,
865 1366 907 1401 et
924 1355 1184 1411 sacerdotia,
1203 1355 1450 1418 sculpturas
1467 1353 1605 1399 solum
1627 1353 1693 1399 di-

309 1425 539 1480 miserunt,
558 1424 603 1470 id
618 1435 695 1474 est,
718 1425 859 1471 idola:
881 1437 1089 1489 poterant
1099 1427 1212 1472 enim
1229 1426 1342 1471 sicut
1356 1424 1553 1470 nonnulli
1567 1424 1697 1469 etiam

311 1497 401 1542 sine
428 1495 646 1541 idolorum
672 1496 935 1560 sculpturis,
966 1498 1214 1554 arboribus,
1242 1507 1283 1542 et
1301 1496 1524 1542 montibus
1541 1532 1551 1551 ,
1589 1511 1696 1558 pos-

312 1578 450 1613 tremo
475 1566 604 1611 etiam
626 1567 703 1612 soli
728 1584 778 1612 ac
802 1567 920 1613 lunae
937 1568 1191 1631 caeterisque
1218 1566 1431 1612 sideribus
1450 1564 1689 1611 immolare.

315 1637 447 1695 Quod
467 1637 501 1682 si
525 1635 715 1684 facerent
734 1655 813 1700 per
842 1638 967 1684 illum
1006 1638 1173 1684 cultum
1194 1676 1204 1694 ,
1232 1654 1332 1701 quae
1352 1636 1479 1682 latria
1502 1634 1666 1680 dicitur
1685 1671 1695 1689 ‚

315 1719 526 1755 creaturae
549 1708 696 1771 potius
732 1725 863 1771 quam
899 1710 1095 1755 Creatori
1121 1707 1426 1762 servientibus,
1461 1716 1503 1751 et
1528 1705 1586 1750 ob
1610 1705 1698 1750 hoc

314 1797 403 1825 non
425 1796 562 1843 parvo
587 1778 701 1824 malo
720 1779 869 1843 impia}
892 1779 1206 1843 superstitionis
1230 1777 1478 1824 errantibus
1499 1812 1510 1829 ‚
1536 1774 1703 1820 nihilo-

318 1850 461 1896 minus
479 1848 695 1895 dfemonia
720 1866 762 1895 se
779 1850 1030 1913 praeberent
1049 1849 1104 1895 ad
1122 1866 1193 1894 eos
1219 1847 1484 1902 illudendos,
1505 1856 1546 1891 et
1562 1845 1616 1891 ab
1644 1845 1704 1890 eis

318 1919 547 1975 sumenda,
570 1937 670 1984 quae
689 1920 749 1966 sie
764 1920 1037 1968 obtulissent.
1069 1920 1140 1966 llli
1157 1920 1325 1984 quippe
1355 1916 1533 1980 superbi
1554 1926 1595 1961 et
1618 1916 1705 1961 im-

320 1991 384 2055 pii
408 1991 602 2055 spiritus,
631 2008 719 2036 non
747 1991 899 2037 nidore
918 2009 967 2037 ac
980 1990 1122 2048 fumo,
1154 1991 1265 2036 sieut
1280 1988 1481 2035 nonnulli
1498 1987 1596 2033 vani
1611 1986 1705 2050 opi-

324 2073 502 2118 nantur,
530 2061 602 2107 sed
627 2061 858 2108 hominum
884 2073 1125 2126 pascuntur
1147 2061 1390 2108 erroribus:
1418 2076 1506 2104 non
1520 2057 1584 2102 sui
1605 2074 1706 2102 cor-

325 2133 443 2196 poris
467 2131 698 2177 resectione
714 2170 724 2189 ,
746 2133 819 2178 sed
852 2132 1060 2178 malevola
1084 2132 1371 2178 delectatione
1402 2146 1503 2175 cum
1528 2144 1706 2191 quoquo

325 2202 458 2248 modo
483 2202 728 2266 decipiunt,
746 2203 813 2248 vel
833 2203 1051 2263 arroganti
1070 2202 1183 2248 fastu
1219 2201 1434 2247 simulatae
1455 2197 1704 2257 majestatis,

327 2291 429 2320 eum
451 2273 623 2320 divinos
645 2273 727 2318 sibi
755 2274 940 2319 bonores
964 2274 1159 2320 exhiberi
1182 2273 1438 2333 gloriantur.
1482 2269 1580 2313 bon
1610 2283 1709 2327 ergo

327 2344 390 2390 illi
416 2354 558 2408 patres
578 2344 713 2389 nostri
735 2344 823 2389 sola
843 2344 1049 2390 Gentium
1075 2343 1306 2390 simulacra
1331 2340 1607 2393 dimiserunt,
1638 2336 1710 2415 sed

326 2432 466 2479 neque
493 2424 620 2460 terrae
639 2451 649 2471 ,
681 2432 819 2480 neque
845 2416 1052 2480 cuiquam
1078 2426 1261 2461 terrenae
1283 2414 1373 2468 rei,
1402 2427 1540 2475 neque
1566 2426 1677 2454 mari
1697 2446 1708 2465 ,

326 2503 466 2550 neque
494 2485 625 2533 coelo.
659 2503 797 2550 neque
822 2487 991 2533 militiae
1008 2487 1110 2533 coeli
1134 2484 1302 2550 aliquid
1319 2481 1612 2537 immolantes,
1637 2479 1714 2524 uni

331 2558 423 2603 Deo
449 2557 645 2603 Creatori
660 2558 857 2603 omnium
877 2559 1075 2604 victimas
1093 2557 1349 2612 obtulerunt
1371 2573 1381 2600 :
1411 2570 1519 2618 quas
1543 2551 1625 2597 sibi
1651 2550 1713 2596 of-

331 2628 430 2675 ferri
444 2629 584 2675 voluit
597 2646 675 2692 per
688 2647 836 2676 earum
860 2629 1191 2676 similitudinem
1209 2626 1473 2693 promittens
1490 2622 1714 2670 victimam
