1795 3253
352 261 444 307 5308
767 278 802 309 s,
847 278 1089 311 Aucusrlm
1128 280 1329 311 EpisCOPt

414 342 536 388 5'111.
580 346 781 388 Jamvero
827 361 879 389 ne
926 345 1146 391 hominem
1167 383 1177 401 ‚
1216 347 1329 392 sicut
1367 348 1510 408 magni
1546 348 1726 413 quidam

353 413 547 458 homines
567 412 743 459 fuerunt
758 451 768 462 ,
794 415 1020 462 Christum
1041 427 1215 480 putaret
1229 455 1239 469 ,
1260 417 1371 463 idem
1400 418 1619 482 Propheta
1641 420 1726 465 hoc

347 482 408 527 illi
430 483 482 528 de
506 483 766 543 cogitatione
792 496 1019 533 excuteret.
1053 487 1120 531 lbi
1146 487 1260 532 enim
1283 489 1474 551 sequitur
1502 499 1544 534 et
1576 489 1685 536 dicit
1711 508 1722 536 ε

347 574 365 593 κ
387 554 646 600 Maledictus
671 556 803 601 homo
818 593 828 611 ,
852 559 927 620 qui
948 575 1066 621 spem
1085 557 1220 603 hahet
1237 558 1281 603 in
1301 559 1477 605 homine
1492 598 1502 616 ‚
1523 571 1564 606 et
1582 562 1727 607 firmat

347 646 367 665 »
392 642 562 671 carnem
584 626 758 673 brachii
783 628 871 684 sui,
904 639 945 674 et
970 647 991 674 a
1014 628 1202 674 Domino
1228 629 1412 676 discedit
1436 648 1511 676 cor
1533 635 1625 691 ejus
1650 649 1660 677 :
1685 642 1727 678 et

345 717 365 737 >›
392 698 472 742 erit
494 698 606 742 sicut
631 698 809 743 tamarix
836 716 935 761 qua}
954 699 996 744 in
1023 698 1189 744 deserto
1212 711 1298 753 θεῖς
1326 718 1413 746 non
1437 701 1606 748 videbit
1623 719 1725 749 cum

346 789 366 808 ›>
390 768 564 814 venient
585 769 701 814 bona
725 806 735 825 ,
772 779 814 814 et
841 769 1065 815 habitabit
1089 770 1199 816 inter
1225 771 1398 834 iniquos
1424 772 1468 818 in
1499 783 1610 818 terra
1645 772 1726 819 de-

346 859 366 879 »
390 850 521 895 serta,
555 840 599 885 in
621 850 733 885 terra
758 839 864 885 salsa
882 857 982 903 qua*
1015 858 1101 885 non
1129 840 1420 889 habitabitur.
1447 865 1467 885 »
1497 845 1551 888 lit
1567 881 1578 900 ,
1599 865 1620 885 ‹<
1637 845 1728 889 Be-

343 931 363 950 »
390 910 589 957 nedictus
610 910 743 956 homo
764 910 840 974 qui
865 911 1047 957 confidit
1072 912 1116 956 in
1138 913 1342 969 Domino,
1361 914 1494 959 eterit
1509 914 1723 960 Dominus

341 1000 362 1021 ›>
386 997 480 1044 spes
504 985 592 1041 ejus
621 1000 630 1026 :
659 982 824 1045 eritque
861 992 1067 1045 tanquam
1098 981 1267 1042 lignum
1292 983 1566 1030 fructiferum
1604 1001 1725 1030 secus

342 1072 362 1092 υ
388 1070 570 1116 aquam,
592 1064 634 1098 et
657 1053 702 1098 in
722 1053 907 1098 humore
931 1053 1074 1099 mittet
1095 1053 1260 1100 radices
1289 1072 1384 1101 suas
1409 1074 1418 1100 :
1443 1072 1531 1101 non
1551 1055 1725 1100 timebit

340 1143 361 1163 »
386 1140 487 1168 cum
505 1125 670 1170 venerit
682 1135 831 1181 aestus,
844 1135 885 1170 et
902 1135 1029 1170 erunt
1048 1125 1092 1170 in
1112 1142 1160 1170 eo
1177 1127 1438 1190 propagines
1455 1143 1718 1172 nemorosae:

340 1216 360 1235 »
383 1194 427 1240 in
453 1213 566 1240 anno
588 1196 795 1241 siccitatis
819 1213 905 1241 non
926 1196 1099 1241 timebit
1114 1234 1124 1249 ,
1153 1208 1194 1241 et
1213 1214 1302 1242 non
1323 1197 1497 1243 deficiet
1520 1197 1722 1243 faciendo

342 1287 361 1306 »
380 1265 575 1311 fructum
594 1265 627 1313 1.
655 1288 674 1308 »
703 1266 790 1312 Hic
813 1277 927 1312 certe
951 1284 1052 1313 cum
1082 1267 1363 1313 maledictum
1392 1268 1555 1314 diceret
1589 1285 1687 1314 eum
1706 1306 1718 1323 ‚

337 1338 413 1400 qui
441 1355 559 1401 spem
587 1338 712 1401 ponit
736 1338 780 1383 in
798 1338 978 1383 homine
997 1376 1007 1395 ,
1034 1355 1218 1401 eamque
1240 1338 1591 1384 maledictionem
1612 1356 1722 1402 pro-

338 1408 526 1470 pheticis
554 1408 916 1454 similitudinibus
951 1408 1183 1472 explicaret
1212 1427 1222 1453 ε
1262 1420 1303 1455 et
1336 1409 1617 1456 benedictum
1644 1410 1721 1474 qui

335 1479 380 1523 in
407 1479 597 1524 Domino
618 1479 884 1536 confideret,
918 1497 1100 1543 eamque
1136 1479 1485 1526 benedictionem
1517 1480 1720 1540 congruis

338 1549 486 1595 itidem
511 1550 875 1597 similitudinibus
909 1561 1089 1604 texeret3
1129 1551 1378 1597 turbaretur
1407 1551 1586 1597 fortasse
1615 1550 1686 1596 ille
1705 1589 1715 1605 ,

336 1621 559 1684 quomodo
577 1621 611 1666 ei
627 1659 637 1678 ‚
662 1639 715 1666 ne
740 1638 862 1685 spem
887 1638 1009 1667 suam
1037 1621 1081 1666 in
1104 1622 1327 1668 hominem
1348 1633 1529 1686 poneret
1548 1660 1558 1678 ‚
1578 1623 1718 1667 Deum

333 1692 561 1737 Christum
585 1693 964 1747 annuntiaremus,
988 1703 1029 1737 et
1050 1710 1219 1738 rursum
1241 1710 1340 1738 eum
1364 1711 1453 1739 non
1473 1711 1519 1739 ex
1538 1694 1717 1758 propria

332 1774 515 1818 natura,
543 1762 616 1808 sed
642 1780 689 1808 ex
705 1774 851 1808 nostra
874 1762 1139 1809 mortalitate
1162 1774 1363 1827 suscepta
1389 1764 1615 1809 hominem
1641 1763 1717 1809 di-

332 1850 538 1879 ceremus.
572 1832 643 1878 Sic
660 1833 775 1878 enim
794 1833 974 1897 quidam
997 1835 1134 1879 Deum
1156 1833 1374 1879 credendo
1398 1834 1622 1880 Christum
1643 1871 1654 1890 ,
1676 1845 1717 1879 et

328 1903 552 1949 hominem
568 1904 766 1964 negando
783 1914 1036 1950 erraverunt
1054 1921 1063 1948 ε
1082 1914 1279 1950 etrursus
1296 1904 1477 1968 quidam
1492 1904 1716 1950 hominem

327 1974 527 2038 putando
543 2013 554 2032 ,
575 1985 617 2020 et
642 1976 782 2021 Deum
807 1975 1029 2035 negando,
1058 1985 1133 2020 aut
1159 1985 1537 2039 contempserunt,
1566 1985 1640 2020 aut
1669 1975 1715 2020 in

328 2046 507 2091 homine
532 2063 652 2110 spem
676 2063 796 2092 suam
824 2055 1034 2109 ponentes
1051 2083 1062 2100 ‚
1090 2046 1135 2091 in
1159 2045 1268 2091 illud
1296 2044 1579 2091 maledictum
1599 2045 1714 2091 inci-

329 2116 502 2162 derunt.
528 2117 612 2162 Ilic
633 2134 733 2176 ergo
749 2116 825 2161 iste
847 2115 1016 2177 gentilis
1037 2116 1071 2161 si
1099 2116 1364 2171 turbaretur,
1386 2115 1548 2162 diceret
1563 2126 1714 2161 contra

327 2186 459 2231 fidem
486 2197 677 2232 nostram
710 2187 841 2232 istum
878 2186 1147 2249 Prophetam
1184 2186 1382 2232 locutum
1416 2185 1543 2231 fuisse
1571 2203 1582 2230 :
1611 2185 1713 2248 quia

328 2273 406 2302 nos
442 2257 684 2303 secundum
716 2257 1000 2321 apostolicam
1021 2257 1267 2303 doctrinam
1290 2274 1379 2304 non
1408 2256 1712 2302 tantummodo

326 2327 469 2372 Deum
489 2327 717 2374 Christum
745 2328 987 2375 diceremus
1002 2366 1013 2385 ,
1035 2338 1084 2374 ut
1098 2328 1143 2374 in
1164 2345 1213 2374 eo
1233 2345 1329 2392 spes
1345 2328 1612 2373 securissime
1631 2344 1712 2391 po-

324 2407 479 2454 natur,
511 2397 583 2443 sed
611 2399 742 2444 etiam
766 2399 1050 2445 Mediatorem
1073 2399 1152 2445 Dei
1172 2409 1213 2445 et
1232 2399 1464 2445 hominum
1485 2398 1709 2444 hominem

326 2468 524 2525 Jesun12‚
551 2469 682 2516 istum
707 2480 853 2516 autem
874 2472 1016 2517 Deum
1042 2481 1212 2516 tantum
1248 2469 1400 2516 dixisse
1421 2507 1433 2527 ‚
1460 2469 1514 2516 de
1551 2479 1709 2515 natura

324 2555 426 2585 vero
451 2539 646 2587 humana
661 2541 827 2588 nullam
839 2541 987 2589 fecisse
1005 2541 1270 2589 mentionem
1295 2558 1307 2587 ι
1330 2540 1496 2590 ibidem
1513 2539 1705 2602 ejusdem

371 2623 519 2659 ¹Jerem.
538 2635 618 2667 xm,
636 2627 707 2667 5·7.
722 2644 764 2654 -
782 2624 798 2650 ²
820 2638 832 2659 1
851 2626 934 2662 Tim.
954 2637 993 2672 11,
1013 2627 1044 2657 5·
