1795 3253
279 291 455 325 CONTRA
489 292 691 323 FAUsreM
725 289 1027 333 MANICHAEUM‚
1066 293 1153 326 Lm.
1194 297 1254 327 vr.
1363 285 1453 347 273

85 360 314 421 ingeratis?
333 357 626 422 Respondete,
650 357 683 402 si
708 356 899 419 potestis.
927 358 1016 403 Nec
1035 358 1127 421 ipsa
1141 363 1306 420 jejunia
1329 366 1456 413 vobis

85 441 474 495 competuntmon
505 429 619 474 enim
649 438 819 491 oportet
849 445 1000 473 vacare
1028 429 1273 489 fornacem,
1304 435 1349 481 in
1372 454 1459 500 qua

84 502 276 565 spiritale
301 517 455 546 aurum
484 499 537 544 de
563 498 761 544 stercoris
789 498 1093 545 commixtione
1117 515 1347 564 purgatur,
1370 520 1412 554 et
1435 528 1460 555 a

85 571 337 618 miserandis
352 570 530 617 nexibus
545 568 901 615 divinamembra
913 568 1153 618 solvuntur.
1177 574 1459 642 Quapsoptffl.

84 642 155 688 ille
176 652 239 688 est
261 639 579 688 misericordior
608 640 718 684 inter
743 655 834 694 VOS,
867 639 943 701 qui
971 657 1013 686 se
1037 644 1229 704 potuerit
1250 646 1309 692 ita
1337 667 1457 695 exer-

85 730 204 770 cere,
232 724 280 759 ut
308 712 422 758 nihil
451 715 541 771 ejus
571 709 809 758 valetudini
840 710 979 767 obsit,
1012 728 1126 776 saepe
1155 716 1311 763 crudos
1335 721 1456 768 cibos

84 800 267 840 sumere,
295 794 336 828 et
356 782 494 828 multa
513 798 778 828 consumere.
814 782 899 827 Vos
923 793 1064 827 autem
1083 795 1126 829 et
1143 796 1282 833 tantas
1302 807 1456 853 poenas

83 871 190 899 escae
209 864 361 900 vestrae
380 852 613 912 irrogando
639 851 870 897 crudeliter
893 852 1184 912 manducatis,
1217 868 1258 902 et
1282 877 1303 903 a
1324 879 1457 907 mem-

83 924 266 971 brorum
304 924 553 971 divinorum
591 923 848 987 purgatione
887 923 1092 970 cessando
1131 927 1363 976 crudeliter
1386 936 1456 992 je-

76 996 256 1056 junatis.

147 1067 199 1114 V.
243 1067 298 1112 Et
326 1066 491 1112 audetis
518 1076 662 1111 tamen
689 1065 817 1111 etiam
841 1066 1051 1112 sacrificia
1080 1069 1342 1119 Testamenti
1370 1074 1458 1121 Ve-

83 1139 182 1184 teris
207 1137 412 1192 execrari‚
439 1147 480 1181 et
500 1136 791 1181 idololatriam
815 1137 1056 1195 nominare,
1077 1150 1118 1184 et
1139 1141 1185 1186 in
1203 1142 1460 1203 hujusmodi

83 1208 353 1268 sacrilegium
375 1224 453 1252 nos
482 1223 656 1269 quoque
690 1206 867 1253 sociare.
903 1208 1028 1253 Unde
1061 1227 1142 1272 pro
1178 1213 1303 1259 nobis
1334 1218 1457 1279 prius

82 1278 417 1342 respondemus,
445 1277 505 1321 sic
533 1276 605 1322 illa
630 1280 721 1335 jam
751 1294 838 1322 non
862 1294 947 1323 esse
970 1278 1015 1323 in
1046 1282 1252 1343 operibus
1283 1290 1456 1347 nostris,

82 1360 130 1395 ut
161 1367 209 1395 ea
248 1347 460 1394 tamenin
491 1347 703 1410 mysteriis
735 1346 983 1393 divinarum
1022 1349 1366 1414 Scripturarmn‚
1403 1360 1464 1405 ad⁴

81 1419 358 1480 intelligenda
392 1434 491 1481 quae
527 1417 596 1462 his
625 1418 919 1480 praenuntiata
953 1431 1070 1476 sunt,
1112 1424 1425 1487 amplectamus
1445 1449 1462 1475 :-

82 1491 183 1554 quia
208 1501 250 1536 et
272 1491 366 1553 ipsa
385 1490 536 1549 figurae
556 1499 714 1533 nostrae
737 1487 931 1545 fuerunt,
953 1501 994 1535 et
1021 1493 1164 1538 omnia
1188 1496 1289 1542 talia
1313 1501 1462 1547 multis

82 1573 122 1607 et
145 1562 274 1607 variis
294 1559 434 1606 modis
454 1576 590 1604 unum
617 1559 896 1615 sacrificium,
921 1565 1045 1620 cujus
1066 1580 1183 1609 nune
1206 1572 1461 1618 memoriam

81 1632 350 1678 celebramus
369 1667 379 1686 ‚
411 1630 778 1689 significaverunt.
812 1630 935 1676 [nde
967 1632 1047 1677 isto
1072 1635 1282 1693 revelato,
1312 1651 1353 1685 et
1382 1659 1459 1697 suo

80 1714 274 1766 tempore
300 1701 469 1756 oblato,
498 1699 572 1744 illa
600 1698 653 1744 de
682 1700 835 1759 agendi
864 1700 1112 1749 celebritate
1135 1706 1306 1754 sublata
1339 1719 1457 1770 sunt,

81 1773 154 1819 sed
178 1774 223 1819 in
255 1770 529 1832 significandi
563 1771 821 1817 auctoritate
852 1785 1116 1821 manserunt.
1155 1776 1329 1842 Scripta
1359 1794 1462 1830 sunt

80 1844 194 1889 enim
214 1852 396 1906 propter
412 1858 507 1898 nos,
529 1841 574 1886 in
592 1857 700 1904 quos
718 1841 815 1887 finis
834 1842 1095 1890 saeculorum
1122 1846 1344 1899 obveniffl,
1374 1855 1461 1902 Sed

78 1914 125 1959 in
156 1914 213 1958 eis
242 1911 445 1959 videlieet
477 1911 720 1956 interfectio
754 1928 827 1956 vos
854 1924 999 1958 movet
1034 1915 1312 1977 animalium,
1357 1940 1460 1973 cum

78 1986 159 2031 ista
182 1984 321 2030 omnis
341 1993 537 2028 creatura
557 1981 707 2027 usibus
724 1982 954 2028 hominum
981 1985 1171 2048 quodam
1196 1990 1327 2036 modo
1355 2011 1461 2041 con-

79 2054 346 2102 ditionaliter
375 2053 543 2099 serviat.
577 2051 662 2097 Sed
688 2069 784 2107 VOS,
819 2053 896 2116 qui
922 2054 1094 2101 homini
1125 2059 1326 2107 mendico
1358 2080 1460 2112 esu..

78 2125 206 2172 rienti
227 2142 384 2189 panem
412 2140 500 2168 non
523 2122 761 2186 porrigiti5‚
783 2124 1080 2172 misericordes
1103 2129 1199 2174 estis
1217 2131 1261 2176 in
1278 2150 1455 2195 pecora,

78 2198 242 2263 quibus
265 2196 428 2242 animas
451 2194 663 2239 humanas
687 2194 820 2240 inesse
850 2195 1036 2243 creditis.
1076 2199 1287 2248 Dominus
1311 2216 1457 2253 autem

79 2272 202 2316 {lesus
227 2269 274 2314 in
296 2286 344 2314 ea
374 2265 561 2313 crudelis
583 2265 684 2321 fuit,
711 2283 812 2311 cum
836 2266 1054 2314 daemones
1079 2268 1126 2314 in
1154 2288 1321 2332 gregem
1343 2294 1455 2339 por-

79 2340 282 2396 corum2‚
310 2355 410 2385 cum
435 2336 482 2383 id
506 2337 561 2382 ab
582 2353 630 2382 eo
649 2347 860 2399 peterent,
885 2338 945 2383 ire
968 2340 1175 2402 permisit.
1209 2344 1297 2400 Qui
1323 2348 1453 2395 etiam

77 2414 274 2462 nondum
308 2412 599 2458 demonstrato
631 2426 709 2472 per
738 2409 980 2472 passionem
1015 2412 1225 2459 sacrificio
1257 2420 1453 2480 corporis

79 2489 172 2545 sui,
213 2484 390 2531 cuidam
421 2482 620 2547 leproso,
650 2498 780 2544 quem
813 2481 1125 2538 mundaverat,
1161 2484 1218 2529 ait
1240 2503 1251 2530 ε
1273 2507 1294 2528 «
1313 2488 1449 2549 Vade,

78 2580 101 2602 >2
124 2556 298 2605 ostende
314 2565 354 2600 te
373 2552 601 2609 sacerdoti,
627 2562 668 2597 et
690 2553 795 2597 offer
812 2569 969 2600 munus
992 2563 1118 2600 tuum
1138 2555 1259 2618 quod
1274 2575 1448 2621 praece..

125 2637 138 2659 1
160 2647 174 2667 1
193 2636 270 2668 Cor.
286 2644 323 2676 x,
343 2642 396 2666 11.
416 2648 462 2655 ·—-
476 2629 492 2654 2
507 2629 625 2665 Mauh.
646 2641 716 2670 vm,
732 2630 790 2662 32.

207 2700 367 2733 CXXXV.
1269 2702 1284 2733 1
1295 2687 1324 2733 8
