1795 3253
284 264 460 296 CONTRA
492 264 738 296 EPISTOLAM
772 264 1026 309 MANICHAE1,
1066 269 1153 301 LIB.
1196 272 1226 302 Ι.
1373 258 1460 321 195

88 330 150 375 sic
179 329 291 377 mihi
324 330 608 378 demonstrari
642 330 798 377 debere
826 331 1067 390 veritatem,
1102 346 1150 381 ut
1181 336 1236 383 ad
1268 337 1465 384 eamdem

88 402 177 446 sine
198 401 285 448 ulla
308 403 592 462 ambiguitate
614 402 878 467 perveniam.
912 404 1044 460 Quod
1070 406 1104 451 si
1131 407 1222 470 ipse
1245 426 1333 455 non
1362 409 1465 473 pol-

87 471 306 530 liceretur,
333 491 400 519 me
424 485 567 520 tamen
587 474 672 519 hoc
690 473 853 533 exigere
873 484 914 519 et
928 475 1120 535 flagitare
1145 481 1391 541 oportebat,
1418 491 1467 526 ut

89 553 209 589 tanta
231 545 426 590 mercede
445 544 702 606 cognitionis
724 544 1055 592 evidentissimae
1075 558 1202 612 atque
1220 551 1468 597 certissimae

89 630 137 659 ex
154 615 372 662 catholico
392 617 643 662 Christiano
664 615 937 679 quibuslibet
955 618 1360 666 contradicentibus
1378 623 1469 667 Ma-

89 684 311 732 nichaeum
329 704 396 733 me
415 687 509 733 fieri
527 705 616 732 non
629 685 826 750 puderet.
853 690 875 731 J
880 704 948 732 am
967 688 1100 747 igitur
1117 689 1344 737 audiamus
1363 692 1469 755 quid

91 756 253 803 afferat.

154 828 249 874 XV.
274 849 295 870 «
315 829 440 874 Unde
460 830 494 874 si
513 830 593 874 tibi
614 829 803 885 videtur,
823 828 985 892 inquit,
1011 830 1205 877 ausculta
1225 832 1347 895 prius
1371 849 1472 895 quae

89 897 250 944 fuerint
267 909 365 944 ante
382 899 733 945 constitutionem
749 899 922 955 mundi,
947 910 989 944 et
1009 916 1096 963 quo
1117 912 1248 964 pacto
1264 902 1470 965 praelium

90 970 145 1015 sit
168 970 394 1030 agitatum,
418 981 468 1016 ut
492 971 627 1034 possis
650 970 827 1015 luminis
856 973 1076 1030 sejungere
1102 982 1304 1017 naturam
1331 990 1381 1018 ac
1405 984 1472 1018 te·-

88 1041 338 1088 nebrarum.
363 1063 383 1083 »
402 1042 425 1086 J
433 1059 500 1087 am
530 1041 806 1087 incredibilia
829 1051 871 1086 et
889 1040 996 1086 falsa
1020 1042 1198 1087 omnino
1221 1044 1468 1107 proposuit.

90 1112 198 1168 Quis
218 1113 332 1158 enim
352 1112 500 1159 credat
522 1123 618 1158 ante
638 1111 994 1157 constitutionem
1016 1112 1170 1157 mundi
1190 1113 1328 1159 ullum
1353 1131 1474 1177 prae-

87 1181 196 1228 lium
214 1182 342 1229 fuisse
366 1184 674 1230 commissum?
700 1184 755 1228 Et
780 1193 923 1228 tamen
949 1183 982 1228 si
1007 1193 1069 1229 est
1093 1183 1320 1240 credibile,
1342 1185 1474 1230 modo

88 1269 165 1298 nos
182 1271 270 1299 non
294 1254 483 1311 credere,
512 1254 586 1300 sed
611 1270 869 1314 cognoscere
892 1254 1102 1300 venimus.
1130 1255 1163 1299 N
1172 1272 1241 1300 am
1266 1255 1341 1318 qui
1366 1255 1475 1301 dicit

87 1325 237 1369 Persas
260 1335 301 1370 et
327 1326 514 1388 Scythas
537 1337 633 1372 ante
652 1325 812 1370 multos
838 1341 971 1370 annos
991 1342 1138 1370 secum
1158 1325 1355 1382 bellasse,
1382 1343 1474 1372 rem

87 1393 195 1439 dicit
208 1396 486 1450 credibilem3
508 1414 602 1442 eam
623 1407 766 1441 tamen
783 1411 917 1459 quam
932 1394 1001 1440 vel
1019 1395 1214 1441 auditam
1234 1396 1300 1443 vel
1315 1395 1473 1442 lectam

86 1482 316 1528 possumus
339 1468 529 1525 credere,
547 1485 634 1513 non
653 1476 872 1530 expertam
893 1466 1345 1530 comprehensamque
1367 1485 1474 1527 cog-

85 1552 276 1584 noscere.
307 1539 420 1584 Cum
443 1556 543 1599 ergo
566 1539 696 1584 istum
717 1537 1012 1600 repudiarem,
1044 1537 1077 1582 si
1102 1537 1191 1582 tale
1218 1538 1386 1601 aliquid
1404 1539 1477 1584 di-

86 1616 221 1661 ceret3
257 1624 346 1653 non
375 1609 488 1654 enim
517 1627 565 1654 ea
590 1607 809 1672 promisit,
843 1623 942 1670 quae
975 1617 1145 1667 cogeret
1176 1608 1367 1665 credere,
1401 1609 1475 1655 sed

84 1693 186 1739 quae
206 1694 378 1740 possem
410 1679 500 1727 sine
523 1679 613 1725 ulla
639 1678 923 1737 ambiguitate
946 1694 1205 1736 cognoscere
1223 1696 1233 1723 2
1251 1680 1474 1742 quomodo

84 1763 184 1792 eum
202 1765 291 1793 non
313 1750 576 1812 repudiabo,
598 1749 777 1814 quando
801 1765 891 1794 non
914 1747 1044 1793 modo
1065 1747 1231 1795 incerta
1250 1749 1375 1806 dicit,
1399 1750 1473 1797 sed

84 1817 214 1863 etiam
241 1820 530 1868 incredibilia.
562 1822 648 1868 Sed
683 1820 792 1884 quid
825 1819 860 1864 si
895 1818 1116 1882 aliquibus
1145 1821 1391 1867 rationibus
1423 1839 1471 1868 ea

84 1889 317 1952 perspicua
335 1901 377 1936 et
395 1892 568 1952 cognita
584 1891 743 1938 faciet?
766 1889 1006 1937 Audiamus
1026 1906 1144 1949 ergo,
1165 1890 1199 1936 si
1216 1908 1465 1954 possumus,

85 1976 186 2005 cum
205 1971 295 2008 tota
315 1963 531 2026 patientia
547 1975 590 2009 et
607 1963 785 2009 lenitate
803 1960 923 2024 quod
944 1960 1152 2023 sequitur.

149 2031 268 2078 XVI.
297 2053 316 2073 (ε
337 2033 446 2078 Haec
473 2034 657 2096 quippe,
680 2031 841 2095 inquit,
869 2031 914 2075 in
942 2030 1116 2076 exordio
1139 2031 1332 2090 fuerunt,
1365 2033 1466 2080 duae

85 2100 337 2148 substantiae
363 2121 386 2148 a
412 2120 498 2149 sese
528 2104 692 2150 divisae.
729 2104 786 2148 Et
816 2100 993 2146 luminis
1020 2100 1198 2163 quidem
1232 2103 1465 2167 imperium

85 2173 260 2219 tenebat
291 2174 407 2220 Deus
435 2176 585 2231 Pater,
619 2175 665 2220 in
695 2191 770 2219 sua
794 2182 941 2218 sancta
964 2172 1097 2236 stirpe
1120 2184 1384 2237 perpetuus,
1418 2175 1464 2221 111

83 2245 244 2290 Virtute
263 2245 537 2305 magnificus,
557 2256 712 2292 natura
732 2245 825 2309 ipsa
848 2259 991 2300 verUS,
1016 2244 1256 2290 aeternitate
1281 2246 1464 2310 propria

84 2331 252 2379 semper
270 2317 481 2374 exultans,
510 2317 735 2364 continens
758 2315 875 2380 apud
902 2332 944 2361 se
971 2315 1227 2378 sapientiam
1251 2327 1294 2362 et
1319 2334 1464 2363 sensus

84 2386 356 2451 vitales:per
385 2399 495 2453 quos
526 2390 656 2435 etiam
690 2387 924 2433 duodecim
958 2387 1158 2433 membra
1187 2386 1364 2434 luminis
1398 2387 1464 2434 sui

84 2459 434 2522 comprehendit,
459 2461 580 2522 regni
606 2459 808 2506 videlicet
829 2458 1001 2522 proprii
1028 2457 1201 2505 divitias
1226 2458 1456 2505 affluentes.

84 2529 136 2575 In
168 2547 255 2578 uno
276 2546 451 2595 quoque
474 2543 616 2578 autem
648 2529 946 2576 membrorum
980 2531 1070 2588 ejus
1108 2538 1209 2574 sunt
1240 2529 1466 2575 recondita

81 2604 218 2652 millia
241 2603 628 2652 innumerabilium
641 2612 684 2649 et
695 2602 1007 2649 immensorum
1028 2599 1342 2647 thesaurorum.
1367 2601 1466 2665 Ipse

1258 2672 1328 2718 13.
