<?xml version="1.0" encoding="UTF-8"?>
<!DOCTYPE html PUBLIC "-//W3C//DTD XHTML 1.0 Transitional//EN"
    "http://www.w3.org/TR/xhtml1/DTD/xhtml1-transitional.dtd">
<html xmlns="http://www.w3.org/1999/xhtml" xml:lang="en" lang="en">
 <head>
  <title>
</title>
<meta http-equiv="Content-Type" content="text/html;charset=utf-8" />
  <meta name='ocr-system' content='tesseract 3.04.00' />
  <meta name='ocr-capabilities' content='ocr_page ocr_carea ocr_par ocr_line ocrx_word'/>
</head>
<body>
  <div class='ocr_page' id='page_1' title='image "./operaomniaaccura28auguuoft/operaomniaaccura28auguuoft_0263.png"; bbox 0 0 1795 3253; ppageno 0'>
   <div class='ocr_carea' id='block_1_1' title="bbox 247 284 1418 335">
    <p class='ocr_par' dir='ltr' id='par_1_1' title="bbox 247 284 1418 335">
     <span class='ocr_line' id='line_1_1' title="bbox 247 284 1418 335; baseline 0.004 -9"><span class='ocrx_word' id='word_1_1' title='bbox 247 292 421 326; x_wconf 81' lang='lat' dir='ltr'>CONTRA</span> <span class='ocrx_word' id='word_1_2' title='bbox 455 293 655 324; x_wconf 68' lang='lat' dir='ltr'><strong>FAC-§TUM</strong></span> <span class='ocrx_word' id='word_1_3' title='bbox 691 293 990 335; x_wconf 71' lang='lat' dir='ltr'>MANicuAEUM,</span> <span class='ocrx_word' id='word_1_4' title='bbox 1027 295 1115 327; x_wconf 85' lang='lat' dir='ltr'><strong>LIB.</strong></span> <span class='ocrx_word' id='word_1_5' title='bbox 1158 298 1216 329; x_wconf 82' lang='lat' dir='ltr'>lv.</span> <span class='ocrx_word' id='word_1_6' title='bbox 1325 284 1418 331; x_wconf 78' lang='lat'>253</span> 
     </span>
    </p>
   </div>
   <div class='ocr_carea' id='block_1_2' title="bbox 0 358 1447 2413">
    <p class='ocr_par' dir='ltr' id='par_1_2' title="bbox 0 358 1447 2413">
     <span class='ocr_line' id='line_1_2' title="bbox 1 358 1423 416; baseline 0.001 -5"><span class='ocrx_word' id='word_1_7' title='bbox 1 378 3 383; x_wconf 63' lang='lat'><strong>⁴</strong></span> <span class='ocrx_word' id='word_1_8' title='bbox 53 380 152 411; x_wconf 88' lang='lat' dir='ltr'>vera</span> <span class='ocrx_word' id='word_1_9' title='bbox 174 360 406 409; x_wconf 85' lang='lat' dir='ltr'>catholica.</span> <span class='ocrx_word' id='word_1_10' title='bbox 455 358 587 416; x_wconf 85' lang='lat' dir='ltr'>Quod</span> <span class='ocrx_word' id='word_1_11' title='bbox 628 358 662 404; x_wconf 91' lang='lat' dir='ltr'>si</span> <span class='ocrx_word' id='word_1_12' title='bbox 700 359 866 416; x_wconf 76' lang='lat' dir='ltr'>essetis,</span> <span class='ocrx_word' id='word_1_13' title='bbox 912 359 965 405; x_wconf 84' lang='lat' dir='ltr'>de</span> <span class='ocrx_word' id='word_1_14' title='bbox 989 360 1149 408; x_wconf 85' lang='lat' dir='ltr'>divitiis</span> <span class='ocrx_word' id='word_1_15' title='bbox 1175 374 1423 411; x_wconf 88' lang='lat' dir='ltr'>sanctarum</span> 
     </span>
     <span class='ocr_line' id='line_1_3' title="bbox 0 426 1426 499; baseline 0.001 -17"><span class='ocrx_word' id='word_1_16' title='bbox 0 426 1 430; x_wconf 10' lang='grc' dir='ltr'><strong>Ἰ</strong></span> <span class='ocrx_word' id='word_1_17' title='bbox 55 435 404 499; x_wconf 76' lang='lat' dir='ltr'>Scripturarum‚</span> <span class='ocrx_word' id='word_1_18' title='bbox 427 448 516 478; x_wconf 89' lang='lat' dir='ltr'>non</span> <span class='ocrx_word' id='word_1_19' title='bbox 540 430 678 477; x_wconf 91' lang='lat' dir='ltr'>solum</span> <span class='ocrx_word' id='word_1_20' title='bbox 696 447 831 487; x_wconf 87' lang='lat' dir='ltr'>nova,</span> <span class='ocrx_word' id='word_1_21' title='bbox 856 431 929 477; x_wconf 86' lang='lat' dir='ltr'>sed</span> <span class='ocrx_word' id='word_1_22' title='bbox 957 432 1085 478; x_wconf 87' lang='lat' dir='ltr'>etiam</span> <span class='ocrx_word' id='word_1_23' title='bbox 1103 445 1242 481; x_wconf 84' lang='lat' dir='ltr'>vetera</span> <span class='ocrx_word' id='word_1_24' title='bbox 1262 436 1426 499; x_wconf 85' lang='lat' dir='ltr'>profer-</span> 
     </span>
     <span class='ocr_line' id='line_1_4' title="bbox 54 500 1427 568; baseline -0.001 -14"><span class='ocrx_word' id='word_1_25' title='bbox 54 507 166 554; x_wconf 77' lang='lat' dir='ltr'>retis.</span> <span class='ocrx_word' id='word_1_26' title='bbox 219 506 317 568; x_wconf 82' lang='lat' dir='ltr'>Ipse</span> <span class='ocrx_word' id='word_1_27' title='bbox 358 502 523 566; x_wconf 84' lang='lat' dir='ltr'>quippe</span> <span class='ocrx_word' id='word_1_28' title='bbox 561 501 773 547; x_wconf 84' lang='lat' dir='ltr'>Dominus</span> <span class='ocrx_word' id='word_1_29' title='bbox 809 500 916 547; x_wconf 83' lang='lat' dir='ltr'>dicit</span> <span class='ocrx_word' id='word_1_30' title='bbox 945 520 955 547; x_wconf 73' lang='grc' dir='ltr'><strong><em>ι</em></strong></span> <span class='ocrx_word' id='word_1_31' title='bbox 979 504 1250 567; x_wconf 86' lang='lat' dir='ltr'>«Propterea</span> <span class='ocrx_word' id='word_1_32' title='bbox 1288 507 1427 552; x_wconf 85' lang='lat' dir='ltr'>omnis</span> 
     </span>
     <span class='ocr_line' id='line_1_5' title="bbox 54 572 1428 632; baseline 0.002 -12"><span class='ocrx_word' id='word_1_33' title='bbox 54 599 76 621; x_wconf 85' lang='grc'>»</span> <span class='ocrx_word' id='word_1_34' title='bbox 96 576 240 622; x_wconf 88' lang='lat' dir='ltr'>scriba</span> <span class='ocrx_word' id='word_1_35' title='bbox 279 573 474 620; x_wconf 87' lang='lat' dir='ltr'>eruditus</span> <span class='ocrx_word' id='word_1_36' title='bbox 519 573 564 618; x_wconf 87' lang='lat' dir='ltr'>in</span> <span class='ocrx_word' id='word_1_37' title='bbox 597 589 728 632; x_wconf 86' lang='lat' dir='ltr'>regno</span> <span class='ocrx_word' id='word_1_38' title='bbox 753 572 982 623; x_wconf 87' lang='lat' dir='ltr'>coelorum.</span> <span class='ocrx_word' id='word_1_39' title='bbox 1007 574 1155 621; x_wconf 81' lang='lat' dir='ltr'>similis</span> <span class='ocrx_word' id='word_1_40' title='bbox 1175 586 1236 621; x_wconf 88' lang='lat' dir='ltr'>est</span> <span class='ocrx_word' id='word_1_41' title='bbox 1258 577 1428 623; x_wconf 88' lang='lat' dir='ltr'>homini</span> 
     </span>
     <span class='ocr_line' id='line_1_6' title="bbox 55 643 1427 712; baseline 0.001 -20"><span class='ocrx_word' id='word_1_42' title='bbox 55 670 76 692; x_wconf 80' lang='lat'>›&gt;</span> <span class='ocrx_word' id='word_1_43' title='bbox 96 645 418 712; x_wconf 80' lang='lat' dir='ltr'>patrifamilias,</span> <span class='ocrx_word' id='word_1_44' title='bbox 466 643 700 707; x_wconf 85' lang='lat' dir='ltr'>proferenti</span> <span class='ocrx_word' id='word_1_45' title='bbox 724 643 777 689; x_wconf 87' lang='lat' dir='ltr'>de</span> <span class='ocrx_word' id='word_1_46' title='bbox 813 644 1016 690; x_wconf 85' lang='lat' dir='ltr'>thesauro</span> <span class='ocrx_word' id='word_1_47' title='bbox 1051 663 1127 692; x_wconf 86' lang='lat' dir='ltr'>suo</span> <span class='ocrx_word' id='word_1_48' title='bbox 1150 664 1262 693; x_wconf 81' lang='lat' dir='ltr'>nova</span> <span class='ocrx_word' id='word_1_49' title='bbox 1290 658 1331 693; x_wconf 83' lang='lat' dir='ltr'>et</span> <span class='ocrx_word' id='word_1_50' title='bbox 1356 665 1427 695; x_wconf 83' lang='lat' dir='ltr'>ve-</span> 
     </span>
     <span class='ocr_line' id='line_1_7' title="bbox 54 713 1429 778; baseline 0.001 -15"><span class='ocrx_word' id='word_1_51' title='bbox 54 741 76 763; x_wconf 85' lang='lat'>»</span> <span class='ocrx_word' id='word_1_52' title='bbox 96 730 187 765; x_wconf 86' lang='lat' dir='ltr'>tera</span> <span class='ocrx_word' id='word_1_53' title='bbox 209 716 244 764; x_wconf 69' lang='lat'>1.</span> <span class='ocrx_word' id='word_1_54' title='bbox 265 716 355 760; x_wconf 87' lang='lat' dir='ltr'>»Et</span> <span class='ocrx_word' id='word_1_55' title='bbox 375 715 490 770; x_wconf 82' lang='lat' dir='ltr'>ideo,</span> <span class='ocrx_word' id='word_1_56' title='bbox 514 714 620 760; x_wconf 88' lang='lat' dir='ltr'>dum</span> <span class='ocrx_word' id='word_1_57' title='bbox 637 713 725 760; x_wconf 87' lang='lat' dir='ltr'>sola</span> <span class='ocrx_word' id='word_1_58' title='bbox 744 715 953 778; x_wconf 87' lang='lat' dir='ltr'>promissa</span> <span class='ocrx_word' id='word_1_59' title='bbox 976 716 1051 761; x_wconf 83' lang='lat' dir='ltr'>Dei</span> <span class='ocrx_word' id='word_1_60' title='bbox 1069 734 1179 762; x_wconf 80' lang='lat' dir='ltr'>nova</span> <span class='ocrx_word' id='word_1_61' title='bbox 1199 728 1340 763; x_wconf 81' lang='lat' dir='ltr'>tenere</span> <span class='ocrx_word' id='word_1_62' title='bbox 1355 736 1429 765; x_wconf 81' lang='lat' dir='ltr'>vos</span> 
     </span>
     <span class='ocr_line' id='line_1_8' title="bbox 56 786 1430 844; baseline -0.001 -7"><span class='ocrx_word' id='word_1_63' title='bbox 56 787 347 843; x_wconf 78' lang='lat' dir='ltr'>arbitramini,</span> <span class='ocrx_word' id='word_1_64' title='bbox 373 786 633 832; x_wconf 84' lang='lat' dir='ltr'>remansistis</span> <span class='ocrx_word' id='word_1_65' title='bbox 650 786 695 831; x_wconf 87' lang='lat' dir='ltr'>in</span> <span class='ocrx_word' id='word_1_66' title='bbox 717 796 929 832; x_wconf 83' lang='lat' dir='ltr'>vetustate</span> <span class='ocrx_word' id='word_1_67' title='bbox 953 788 1092 833; x_wconf 87' lang='lat' dir='ltr'>carnis</span> <span class='ocrx_word' id='word_1_68' title='bbox 1107 799 1172 844; x_wconf 84' lang='lat' dir='ltr'>‚et</span> <span class='ocrx_word' id='word_1_69' title='bbox 1197 790 1430 836; x_wconf 80' lang='lat' dir='ltr'>novitatem</span> 
     </span>
     <span class='ocr_line' id='line_1_9' title="bbox 55 856 1435 920; baseline 0 -14"><span class='ocrx_word' id='word_1_70' title='bbox 55 858 285 906; x_wconf 84' lang='lat' dir='ltr'>induxistis</span> <span class='ocrx_word' id='word_1_71' title='bbox 297 856 466 903; x_wconf 82' lang='lat' dir='ltr'>erroris,</span> <span class='ocrx_word' id='word_1_72' title='bbox 494 857 557 900; x_wconf 92' lang='lat' dir='ltr'>De</span> <span class='ocrx_word' id='word_1_73' title='bbox 572 872 657 919; x_wconf 89' lang='lat' dir='ltr'>qua</span> <span class='ocrx_word' id='word_1_74' title='bbox 677 856 869 901; x_wconf 87' lang='lat' dir='ltr'>novitate</span> <span class='ocrx_word' id='word_1_75' title='bbox 882 857 1111 920; x_wconf 79' lang='lat' dir='ltr'>Apostolus</span> <span class='ocrx_word' id='word_1_76' title='bbox 1131 858 1238 904; x_wconf 82' lang='lat' dir='ltr'>dicit</span> <span class='ocrx_word' id='word_1_77' title='bbox 1255 878 1264 904; x_wconf 75' lang='grc' dir='ltr'><strong>ε</strong></span> <span class='ocrx_word' id='word_1_78' title='bbox 1290 882 1308 901; x_wconf 86' lang='lat'>«</span> <span class='ocrx_word' id='word_1_79' title='bbox 1330 861 1435 906; x_wconf 87' lang='lat' dir='ltr'>Pro-</span> 
     </span>
     <span class='ocr_line' id='line_1_10' title="bbox 57 927 1432 985; baseline 0.001 -10"><span class='ocrx_word' id='word_1_80' title='bbox 57 954 78 975; x_wconf 86' lang='lat'>»</span> <span class='ocrx_word' id='word_1_81' title='bbox 100 931 219 977; x_wconf 84' lang='lat' dir='ltr'>sanas</span> <span class='ocrx_word' id='word_1_82' title='bbox 247 939 391 975; x_wconf 89' lang='lat' dir='ltr'>autem</span> <span class='ocrx_word' id='word_1_83' title='bbox 415 927 650 974; x_wconf 80' lang='lat' dir='ltr'>verborum</span> <span class='ocrx_word' id='word_1_84' title='bbox 698 928 909 974; x_wconf 78' lang='lat' dir='ltr'>novitates</span> <span class='ocrx_word' id='word_1_85' title='bbox 933 928 1061 985; x_wconf 80' lang='lat' dir='ltr'>evita,</span> <span class='ocrx_word' id='word_1_86' title='bbox 1092 930 1281 976; x_wconf 89' lang='lat' dir='ltr'>multum</span> <span class='ocrx_word' id='word_1_87' title='bbox 1318 932 1432 977; x_wconf 88' lang='lat' dir='ltr'>enim</span> 
     </span>
     <span class='ocr_line' id='line_1_11' title="bbox 57 998 1436 1067; baseline 0.001 -21"><span class='ocrx_word' id='word_1_88' title='bbox 57 1024 79 1046; x_wconf 88' lang='lat'>»</span> <span class='ocrx_word' id='word_1_89' title='bbox 101 1001 340 1067; x_wconf 84' lang='lat' dir='ltr'>proficiunt</span> <span class='ocrx_word' id='word_1_90' title='bbox 363 998 416 1044; x_wconf 88' lang='lat' dir='ltr'>ad</span> <span class='ocrx_word' id='word_1_91' title='bbox 436 998 703 1062; x_wconf 82' lang='lat' dir='ltr'>impietatem</span> <span class='ocrx_word' id='word_1_92' title='bbox 718 1037 728 1055; x_wconf 85' lang='lat'><strong>‚</strong></span> <span class='ocrx_word' id='word_1_93' title='bbox 750 1010 791 1044; x_wconf 90' lang='lat' dir='ltr'>et</span> <span class='ocrx_word' id='word_1_94' title='bbox 817 1016 953 1045; x_wconf 88' lang='lat' dir='ltr'>sermo</span> <span class='ocrx_word' id='word_1_95' title='bbox 978 1017 1128 1046; x_wconf 86' lang='lat' dir='ltr'>corum</span> <span class='ocrx_word' id='word_1_96' title='bbox 1149 1002 1260 1048; x_wconf 85' lang='lat' dir='ltr'>sicut</span> <span class='ocrx_word' id='word_1_97' title='bbox 1280 1020 1436 1048; x_wconf 84' lang='lat' dir='ltr'>cancer</span> 
     </span>
     <span class='ocr_line' id='line_1_12' title="bbox 57 1069 1434 1137; baseline 0.001 -21"><span class='ocrx_word' id='word_1_98' title='bbox 57 1094 79 1116; x_wconf 74' lang='lat'>2&gt;</span> <span class='ocrx_word' id='word_1_99' title='bbox 101 1072 247 1136; x_wconf 88' lang='lat' dir='ltr'>serpit.</span> <span class='ocrx_word' id='word_1_100' title='bbox 282 1072 341 1116; x_wconf 80' lang='lat' dir='ltr'>Ex</span> <span class='ocrx_word' id='word_1_101' title='bbox 355 1069 516 1134; x_wconf 85' lang='lat' dir='ltr'>quibus</span> <span class='ocrx_word' id='word_1_102' title='bbox 526 1079 588 1114; x_wconf 88' lang='lat' dir='ltr'>est</span> <span class='ocrx_word' id='word_1_103' title='bbox 606 1070 867 1131; x_wconf 61' lang='lat' dir='ltr'>Hymenaeus</span> <span class='ocrx_word' id='word_1_104' title='bbox 882 1107 892 1126; x_wconf 80' lang='grc'>,</span> <span class='ocrx_word' id='word_1_105' title='bbox 912 1080 952 1116; x_wconf 88' lang='lat' dir='ltr'>et</span> <span class='ocrx_word' id='word_1_106' title='bbox 974 1070 1188 1129; x_wconf 71' lang='lat' dir='ltr'>Philetus,</span> <span class='ocrx_word' id='word_1_107' title='bbox 1217 1073 1295 1137; x_wconf 86' lang='lat' dir='ltr'>qui</span> <span class='ocrx_word' id='word_1_108' title='bbox 1318 1073 1434 1119; x_wconf 89' lang='lat' dir='ltr'>circa</span> 
     </span>
     <span class='ocr_line' id='line_1_13' title="bbox 58 1139 1434 1204; baseline 0.001 -17"><span class='ocrx_word' id='word_1_109' title='bbox 58 1165 79 1187; x_wconf 80' lang='grc'>&gt;&gt;</span> <span class='ocrx_word' id='word_1_110' title='bbox 103 1144 327 1191; x_wconf 85' lang='lat' dir='ltr'>veritatem</span> <span class='ocrx_word' id='word_1_111' title='bbox 366 1140 702 1196; x_wconf 83' lang='lat' dir='ltr'>aberraverunt,</span> <span class='ocrx_word' id='word_1_112' title='bbox 742 1139 933 1186; x_wconf 87' lang='lat' dir='ltr'>dicentes</span> <span class='ocrx_word' id='word_1_113' title='bbox 972 1151 1325 1188; x_wconf 84' lang='lat' dir='ltr'>resurrectionem</span> <span class='ocrx_word' id='word_1_114' title='bbox 1341 1147 1434 1204; x_wconf 85' lang='lat' dir='ltr'>jam</span> 
     </span>
     <span class='ocr_line' id='line_1_14' title="bbox 59 1209 1438 1274; baseline 0.002 -17"><span class='ocrx_word' id='word_1_115' title='bbox 59 1237 80 1258; x_wconf 66' lang='lat'>&gt;³</span> <span class='ocrx_word' id='word_1_116' title='bbox 106 1215 266 1261; x_wconf 87' lang='lat' dir='ltr'>factam</span> <span class='ocrx_word' id='word_1_117' title='bbox 285 1228 388 1268; x_wconf 83' lang='lat' dir='ltr'>esse,</span> <span class='ocrx_word' id='word_1_118' title='bbox 406 1221 447 1256; x_wconf 89' lang='lat' dir='ltr'>et</span> <span class='ocrx_word' id='word_1_119' title='bbox 467 1209 597 1255; x_wconf 84' lang='lat' dir='ltr'>fidem</span> <span class='ocrx_word' id='word_1_120' title='bbox 626 1211 920 1274; x_wconf 86' lang='lat' dir='ltr'>quorumdam</span> <span class='ocrx_word' id='word_1_121' title='bbox 944 1212 1299 1261; x_wconf 76' lang='lat' dir='ltr'>subverterunt2.</span> <span class='ocrx_word' id='word_1_122' title='bbox 1332 1236 1351 1256; x_wconf 67' lang='lat'>&gt;³</span> <span class='ocrx_word' id='word_1_123' title='bbox 1378 1216 1438 1259; x_wconf 84' lang='lat' dir='ltr'>Ex</span> 
     </span>
     <span class='ocr_line' id='line_1_15' title="bbox 58 1281 1439 1350; baseline 0 -19"><span class='ocrx_word' id='word_1_124' title='bbox 58 1303 143 1350; x_wconf 82' lang='lat' dir='ltr'>qna</span> <span class='ocrx_word' id='word_1_125' title='bbox 181 1301 290 1332; x_wconf 86' lang='lat' dir='ltr'>vena</span> <span class='ocrx_word' id='word_1_126' title='bbox 328 1281 527 1328; x_wconf 79' lang='lat' dir='ltr'>falsitatis</span> <span class='ocrx_word' id='word_1_127' title='bbox 552 1297 630 1327; x_wconf 82' lang='lat' dir='ltr'>vos</span> <span class='ocrx_word' id='word_1_128' title='bbox 664 1299 839 1327; x_wconf 89' lang='lat' dir='ltr'>manare</span> <span class='ocrx_word' id='word_1_129' title='bbox 870 1284 1142 1342; x_wconf 83' lang='lat' dir='ltr'>cognoscite,</span> <span class='ocrx_word' id='word_1_130' title='bbox 1185 1286 1260 1348; x_wconf 86' lang='lat' dir='ltr'>qui</span> <span class='ocrx_word' id='word_1_131' title='bbox 1295 1285 1439 1331; x_wconf 87' lang='lat' dir='ltr'>dicitis</span> 
     </span>
     <span class='ocr_line' id='line_1_16' title="bbox 59 1351 1439 1420; baseline 0.001 -18"><span class='ocrx_word' id='word_1_132' title='bbox 59 1373 178 1402; x_wconf 91' lang='lat' dir='ltr'>nunc</span> <span class='ocrx_word' id='word_1_133' title='bbox 215 1372 300 1400; x_wconf 87' lang='lat' dir='ltr'>esse</span> <span class='ocrx_word' id='word_1_134' title='bbox 335 1351 695 1399; x_wconf 81' lang='lat' dir='ltr'>resurrectionem</span> <span class='ocrx_word' id='word_1_135' title='bbox 734 1354 1039 1399; x_wconf 85' lang='lat' dir='ltr'>tantummodo</span> <span class='ocrx_word' id='word_1_136' title='bbox 1079 1355 1322 1402; x_wconf 84' lang='lat' dir='ltr'>animarum</span> <span class='ocrx_word' id='word_1_137' title='bbox 1359 1374 1439 1420; x_wconf 86' lang='lat' dir='ltr'>per</span> 
     </span>
     <span class='ocr_line' id='line_1_17' title="bbox 59 1422 1439 1491; baseline 0.001 -19"><span class='ocrx_word' id='word_1_138' title='bbox 59 1425 417 1491; x_wconf 76' lang='lat' dir='ltr'>praedicationem</span> <span class='ocrx_word' id='word_1_139' title='bbox 448 1422 665 1475; x_wconf 79' lang='lat' dir='ltr'>veritatis3</span> <span class='ocrx_word' id='word_1_140' title='bbox 691 1439 924 1486; x_wconf 83' lang='lat' dir='ltr'>corporum</span> <span class='ocrx_word' id='word_1_141' title='bbox 964 1435 1130 1474; x_wconf 84' lang='lat' dir='ltr'>autem.</span> <span class='ocrx_word' id='word_1_142' title='bbox 1161 1444 1292 1490; x_wconf 80' lang='lat' dir='ltr'>quam</span> <span class='ocrx_word' id='word_1_143' title='bbox 1316 1445 1439 1491; x_wconf 82' lang='lat' dir='ltr'>prae-</span> 
     </span>
     <span class='ocr_line' id='line_1_18' title="bbox 60 1492 1438 1562; baseline 0.001 -19"><span class='ocrx_word' id='word_1_144' title='bbox 60 1497 317 1543; x_wconf 82' lang='lat' dir='ltr'>dicaverunt</span> <span class='ocrx_word' id='word_1_145' title='bbox 337 1492 551 1557; x_wconf 82' lang='lat' dir='ltr'>Apostoli,</span> <span class='ocrx_word' id='word_1_146' title='bbox 585 1493 776 1539; x_wconf 86' lang='lat' dir='ltr'>futuram</span> <span class='ocrx_word' id='word_1_147' title='bbox 804 1495 979 1554; x_wconf 81' lang='lat' dir='ltr'>negatis.</span> <span class='ocrx_word' id='word_1_148' title='bbox 1012 1496 1132 1553; x_wconf 85' lang='lat' dir='ltr'>Quid</span> <span class='ocrx_word' id='word_1_149' title='bbox 1147 1508 1288 1543; x_wconf 89' lang='lat' dir='ltr'>autem</span> <span class='ocrx_word' id='word_1_150' title='bbox 1305 1498 1438 1562; x_wconf 89' lang='lat' dir='ltr'>spiri-</span> 
     </span>
     <span class='ocr_line' id='line_1_19' title="bbox 60 1563 1444 1631; baseline 0 -17"><span class='ocrx_word' id='word_1_151' title='bbox 60 1567 219 1625; x_wconf 83' lang='lat' dir='ltr'>taliter,</span> <span class='ocrx_word' id='word_1_152' title='bbox 248 1565 488 1612; x_wconf 86' lang='lat' dir='ltr'>secundum</span> <span class='ocrx_word' id='word_1_153' title='bbox 514 1563 737 1610; x_wconf 84' lang='lat' dir='ltr'>hominem</span> <span class='ocrx_word' id='word_1_154' title='bbox 754 1565 1020 1623; x_wconf 81' lang='lat' dir='ltr'>interiorem,</span> <span class='ocrx_word' id='word_1_155' title='bbox 1045 1567 1119 1631; x_wconf 84' lang='lat' dir='ltr'>qui</span> <span class='ocrx_word' id='word_1_156' title='bbox 1147 1580 1379 1616; x_wconf 89' lang='lat' dir='ltr'>renovatur</span> <span class='ocrx_word' id='word_1_157' title='bbox 1398 1569 1444 1615; x_wconf 88' lang='lat' dir='ltr'>in</span> 
     </span>
     <span class='ocr_line' id='line_1_20' title="bbox 61 1635 1440 1700; baseline 0.001 -15"><span class='ocrx_word' id='word_1_158' title='bbox 61 1639 278 1700; x_wconf 86' lang='lat' dir='ltr'>agnitione</span> <span class='ocrx_word' id='word_1_159' title='bbox 302 1637 400 1692; x_wconf 73' lang='lat' dir='ltr'>Dei,</span> <span class='ocrx_word' id='word_1_160' title='bbox 418 1635 598 1699; x_wconf 84' lang='lat' dir='ltr'>potestis</span> <span class='ocrx_word' id='word_1_161' title='bbox 626 1635 832 1695; x_wconf 78' lang='lat' dir='ltr'>cogitare,</span> <span class='ocrx_word' id='word_1_162' title='bbox 851 1653 952 1682; x_wconf 87' lang='lat' dir='ltr'>eum</span> <span class='ocrx_word' id='word_1_163' title='bbox 971 1655 1050 1700; x_wconf 82' lang='lat' dir='ltr'>per</span> <span class='ocrx_word' id='word_1_164' title='bbox 1066 1649 1321 1685; x_wconf 72' lang='lat' dir='ltr'>vetustatem</span> <span class='ocrx_word' id='word_1_165' title='bbox 1340 1658 1440 1686; x_wconf 79' lang='lat' dir='ltr'>car-</span> 
     </span>
     <span class='ocr_line' id='line_1_21' title="bbox 61 1706 1442 1774; baseline 0.001 -18"><span class='ocrx_word' id='word_1_166' title='bbox 61 1711 144 1768; x_wconf 85' lang='lat' dir='ltr'>nis,</span> <span class='ocrx_word' id='word_1_167' title='bbox 161 1720 202 1756; x_wconf 88' lang='lat' dir='ltr'>et</span> <span class='ocrx_word' id='word_1_168' title='bbox 217 1726 295 1774; x_wconf 86' lang='lat' dir='ltr'>per</span> <span class='ocrx_word' id='word_1_169' title='bbox 308 1707 552 1754; x_wconf 86' lang='lat' dir='ltr'>carnalium</span> <span class='ocrx_word' id='word_1_170' title='bbox 574 1723 717 1752; x_wconf 86' lang='lat' dir='ltr'>rerum</span> <span class='ocrx_word' id='word_1_171' title='bbox 746 1706 968 1768; x_wconf 70' lang='lat' dir='ltr'>imagines,</span> <span class='ocrx_word' id='word_1_172' title='bbox 996 1709 1159 1773; x_wconf 84' lang='lat' dir='ltr'>quibus</span> <span class='ocrx_word' id='word_1_173' title='bbox 1183 1721 1299 1757; x_wconf 86' lang='lat' dir='ltr'>totus</span> <span class='ocrx_word' id='word_1_174' title='bbox 1322 1728 1442 1757; x_wconf 88' lang='lat' dir='ltr'>error</span> 
     </span>
     <span class='ocr_line' id='line_1_22' title="bbox 61 1780 1440 1844; baseline 0.001 -16"><span class='ocrx_word' id='word_1_175' title='bbox 61 1792 199 1828; x_wconf 81' lang='lat' dir='ltr'>vester</span> <span class='ocrx_word' id='word_1_176' title='bbox 220 1780 482 1835; x_wconf 77' lang='lat' dir='ltr'>involvitur,</span> <span class='ocrx_word' id='word_1_177' title='bbox 505 1795 569 1823; x_wconf 88' lang='lat' dir='ltr'>res</span> <span class='ocrx_word' id='word_1_178' title='bbox 588 1795 821 1842; x_wconf 85' lang='lat' dir='ltr'>corporeas</span> <span class='ocrx_word' id='word_1_179' title='bbox 838 1816 848 1835; x_wconf 83' lang='grc'>,</span> <span class='ocrx_word' id='word_1_180' title='bbox 880 1795 967 1825; x_wconf 88' lang='lat' dir='ltr'>non</span> <span class='ocrx_word' id='word_1_181' title='bbox 1002 1782 1268 1844; x_wconf 84' lang='lat' dir='ltr'>possessione</span> <span class='ocrx_word' id='word_1_182' title='bbox 1300 1793 1440 1829; x_wconf 88' lang='lat' dir='ltr'>tenea-</span> 
     </span>
     <span class='ocr_line' id='line_1_23' title="bbox 62 1849 1443 1916; baseline 0.002 -19"><span class='ocrx_word' id='word_1_183' title='bbox 62 1851 132 1908; x_wconf 81' lang='lat' dir='ltr'>tis,</span> <span class='ocrx_word' id='word_1_184' title='bbox 157 1851 230 1898; x_wconf 90' lang='lat' dir='ltr'>sed</span> <span class='ocrx_word' id='word_1_185' title='bbox 247 1851 553 1916; x_wconf 87' lang='lat' dir='ltr'>phantasmate</span> <span class='ocrx_word' id='word_1_186' title='bbox 577 1849 786 1913; x_wconf 64' lang='lat' dir='ltr'>sapiatis.D</span> <span class='ocrx_word' id='word_1_187' title='bbox 807 1850 986 1895; x_wconf 81' lang='lat' dir='ltr'>Terram</span> <span class='ocrx_word' id='word_1_188' title='bbox 1021 1851 1135 1897; x_wconf 88' lang='lat' dir='ltr'>enim</span> <span class='ocrx_word' id='word_1_189' title='bbox 1162 1853 1443 1900; x_wconf 68' lang='lat' dir='ltr'>Chananaeo-</span> 
     </span>
     <span class='ocr_line' id='line_1_24' title="bbox 62 1920 1444 1987; baseline 0.001 -19"><span class='ocrx_word' id='word_1_190' title='bbox 62 1939 178 1980; x_wconf 81' lang='lat' dir='ltr'>rum,</span> <span class='ocrx_word' id='word_1_191' title='bbox 205 1939 307 1987; x_wconf 82' lang='lat' dir='ltr'>quae</span> <span class='ocrx_word' id='word_1_192' title='bbox 336 1920 563 1968; x_wconf 87' lang='lat' dir='ltr'>manifesta</span> <span class='ocrx_word' id='word_1_193' title='bbox 588 1930 695 1976; x_wconf 79' lang='lat' dir='ltr'>erat,</span> <span class='ocrx_word' id='word_1_194' title='bbox 725 1930 766 1964; x_wconf 87' lang='lat' dir='ltr'>et</span> <span class='ocrx_word' id='word_1_195' title='bbox 791 1921 1012 1966; x_wconf 81' lang='lat' dir='ltr'>manifeste</span> <span class='ocrx_word' id='word_1_196' title='bbox 1038 1922 1102 1967; x_wconf 88' lang='lat' dir='ltr'>illi</span> <span class='ocrx_word' id='word_1_197' title='bbox 1136 1924 1306 1987; x_wconf 88' lang='lat' dir='ltr'>populo</span> <span class='ocrx_word' id='word_1_198' title='bbox 1343 1924 1444 1970; x_wconf 79' lang='lat' dir='ltr'>data</span> 
     </span>
     <span class='ocr_line' id='line_1_25' title="bbox 62 1991 1444 2060; baseline 0.002 -20"><span class='ocrx_word' id='word_1_199' title='bbox 62 2004 151 2049; x_wconf 89' lang='lat' dir='ltr'>est,</span> <span class='ocrx_word' id='word_1_200' title='bbox 192 2004 466 2040; x_wconf 89' lang='lat' dir='ltr'>contemnere</span> <span class='ocrx_word' id='word_1_201' title='bbox 490 2009 592 2047; x_wconf 81' lang='lat' dir='ltr'>vos,</span> <span class='ocrx_word' id='word_1_202' title='bbox 628 2002 670 2036; x_wconf 85' lang='lat' dir='ltr'>et</span> <span class='ocrx_word' id='word_1_203' title='bbox 693 1991 885 2036; x_wconf 79' lang='lat' dir='ltr'>fastidire</span> <span class='ocrx_word' id='word_1_204' title='bbox 912 1992 1183 2052; x_wconf 77' lang='lat' dir='ltr'>gloriamini,</span> <span class='ocrx_word' id='word_1_205' title='bbox 1216 1997 1338 2060; x_wconf 84' lang='lat' dir='ltr'>quasi</span> <span class='ocrx_word' id='word_1_206' title='bbox 1357 2014 1444 2042; x_wconf 89' lang='lat' dir='ltr'>non</span> 
     </span>
     <span class='ocr_line' id='line_1_26' title="bbox 62 2061 1445 2127; baseline 0.001 -16"><span class='ocrx_word' id='word_1_207' title='bbox 62 2064 122 2111; x_wconf 87' lang='lat' dir='ltr'>ita</span> <span class='ocrx_word' id='word_1_208' title='bbox 142 2075 301 2111; x_wconf 90' lang='lat' dir='ltr'>terram</span> <span class='ocrx_word' id='word_1_209' title='bbox 319 2063 494 2109; x_wconf 87' lang='lat' dir='ltr'>luminis</span> <span class='ocrx_word' id='word_1_210' title='bbox 517 2061 773 2108; x_wconf 84' lang='lat' dir='ltr'>describatis</span> <span class='ocrx_word' id='word_1_211' title='bbox 790 2080 835 2107; x_wconf 83' lang='lat' dir='ltr'>ex</span> <span class='ocrx_word' id='word_1_212' title='bbox 857 2079 940 2108; x_wconf 88' lang='lat' dir='ltr'>una</span> <span class='ocrx_word' id='word_1_213' title='bbox 959 2074 1101 2126; x_wconf 86' lang='lat' dir='ltr'>parte,</span> <span class='ocrx_word' id='word_1_214' title='bbox 1130 2082 1152 2109; x_wconf 95' lang='lat' dir='ltr'>a</span> <span class='ocrx_word' id='word_1_215' title='bbox 1173 2075 1283 2111; x_wconf 87' lang='lat' dir='ltr'>terra</span> <span class='ocrx_word' id='word_1_216' title='bbox 1308 2068 1445 2127; x_wconf 86' lang='lat' dir='ltr'>gentis</span> 
     </span>
     <span class='ocr_line' id='line_1_27' title="bbox 65 2134 1447 2202; baseline 0.002 -21"><span class='ocrx_word' id='word_1_217' title='bbox 65 2135 359 2191; x_wconf 82' lang='lat' dir='ltr'>tenebrarum,</span> <span class='ocrx_word' id='word_1_218' title='bbox 375 2145 585 2198; x_wconf 85' lang='lat' dir='ltr'>tanquam</span> <span class='ocrx_word' id='word_1_219' title='bbox 598 2149 735 2178; x_wconf 88' lang='lat' dir='ltr'>cuneo</span> <span class='ocrx_word' id='word_1_220' title='bbox 750 2143 971 2179; x_wconf 85' lang='lat' dir='ltr'>coarctato</span> <span class='ocrx_word' id='word_1_221' title='bbox 986 2134 1224 2192; x_wconf 83' lang='lat' dir='ltr'>discissam,</span> <span class='ocrx_word' id='word_1_222' title='bbox 1246 2148 1292 2182; x_wconf 92' lang='lat' dir='ltr'>ut</span> <span class='ocrx_word' id='word_1_223' title='bbox 1309 2155 1447 2202; x_wconf 88' lang='lat' dir='ltr'>neque</span> 
     </span>
     <span class='ocr_line' id='line_1_28' title="bbox 64 2204 1446 2265; baseline 0.001 -13"><span class='ocrx_word' id='word_1_224' title='bbox 64 2205 111 2251; x_wconf 89' lang='lat' dir='ltr'>in</span> <span class='ocrx_word' id='word_1_225' title='bbox 134 2223 278 2252; x_wconf 91' lang='lat' dir='ltr'>rerum</span> <span class='ocrx_word' id='word_1_226' title='bbox 299 2205 481 2252; x_wconf 85' lang='lat' dir='ltr'>veritate</span> <span class='ocrx_word' id='word_1_227' title='bbox 510 2204 774 2258; x_wconf 75' lang='lat' dir='ltr'>inveniatur,</span> <span class='ocrx_word' id='word_1_228' title='bbox 799 2215 840 2249; x_wconf 86' lang='lat' dir='ltr'>et</span> <span class='ocrx_word' id='word_1_229' title='bbox 872 2205 913 2250; x_wconf 92' lang='lat' dir='ltr'>in</span> <span class='ocrx_word' id='word_1_230' title='bbox 941 2205 1252 2265; x_wconf 83' lang='lat' dir='ltr'>cogitationum</span> <span class='ocrx_word' id='word_1_231' title='bbox 1278 2220 1446 2255; x_wconf 80' lang='lat' dir='ltr'>vestra-</span> 
     </span>
     <span class='ocr_line' id='line_1_29' title="bbox 66 2274 1445 2326; baseline 0.004 -5"><span class='ocrx_word' id='word_1_232' title='bbox 66 2292 166 2322; x_wconf 91' lang='lat' dir='ltr'>rum</span> <span class='ocrx_word' id='word_1_233' title='bbox 189 2275 376 2323; x_wconf 85' lang='lat' dir='ltr'>falsitate</span> <span class='ocrx_word' id='word_1_234' title='bbox 408 2275 611 2321; x_wconf 86' lang='lat' dir='ltr'>credatur</span> <span class='ocrx_word' id='word_1_235' title='bbox 634 2292 644 2319; x_wconf 89' lang='lat'>:</span> <span class='ocrx_word' id='word_1_236' title='bbox 675 2285 717 2320; x_wconf 86' lang='lat' dir='ltr'>et</span> <span class='ocrx_word' id='word_1_237' title='bbox 743 2274 839 2321; x_wconf 85' lang='lat' dir='ltr'>ideo</span> <span class='ocrx_word' id='word_1_238' title='bbox 866 2293 945 2322; x_wconf 91' lang='lat' dir='ltr'>nec</span> <span class='ocrx_word' id='word_1_239' title='bbox 976 2276 1110 2322; x_wconf 85' lang='lat' dir='ltr'>vitam</span> <span class='ocrx_word' id='word_1_240' title='bbox 1138 2289 1323 2325; x_wconf 83' lang='lat' dir='ltr'>vestram</span> <span class='ocrx_word' id='word_1_241' title='bbox 1344 2280 1445 2326; x_wconf 83' lang='lat' dir='ltr'>data</span> 
     </span>
     <span class='ocr_line' id='line_1_30' title="bbox 67 2345 1325 2413; baseline 0.003 -21"><span class='ocrx_word' id='word_1_242' title='bbox 67 2347 289 2404; x_wconf 85' lang='lat' dir='ltr'>sustineat,</span> <span class='ocrx_word' id='word_1_243' title='bbox 313 2357 355 2392; x_wconf 90' lang='lat' dir='ltr'>et</span> <span class='ocrx_word' id='word_1_244' title='bbox 378 2357 565 2392; x_wconf 87' lang='lat' dir='ltr'>mentem</span> <span class='ocrx_word' id='word_1_245' title='bbox 586 2356 771 2391; x_wconf 86' lang='lat' dir='ltr'>vestram</span> <span class='ocrx_word' id='word_1_246' title='bbox 795 2345 1032 2394; x_wconf 76' lang='lat' dir='ltr'>desiderata</span> <span class='ocrx_word' id='word_1_247' title='bbox 1058 2362 1325 2413; x_wconf 86' lang='lat' dir='ltr'>corrumpat.</span> 
     </span>
    </p>
   </div>
   <div class='ocr_carea' id='block_1_3' title="bbox 119 2444 795 2490">
    <p class='ocr_par' dir='ltr' id='par_1_3' title="bbox 119 2444 795 2490">
     <span class='ocr_line' id='line_1_31' title="bbox 119 2444 795 2490; baseline -0.004 -10"><span class='ocrx_word' id='word_1_248' title='bbox 119 2448 130 2470; x_wconf 91' lang='lat'><strong>¹</strong></span> <span class='ocrx_word' id='word_1_249' title='bbox 150 2446 266 2480; x_wconf 76' lang='lat' dir='ltr'>Matih.</span> <span class='ocrx_word' id='word_1_250' title='bbox 286 2457 356 2490; x_wconf 81' lang='lat' dir='ltr'>xm,</span> <span class='ocrx_word' id='word_1_251' title='bbox 378 2447 431 2480; x_wconf 82' lang='lat'>52.</span> <span class='ocrx_word' id='word_1_252' title='bbox 451 2464 495 2470; x_wconf 91' lang='lat'><em>-</em></span> <span class='ocrx_word' id='word_1_253' title='bbox 512 2444 527 2467; x_wconf 64' lang='lat'>‘²</span> <span class='ocrx_word' id='word_1_254' title='bbox 543 2457 558 2476; x_wconf 64' lang='grc' dir='ltr'>’.ε</span> <span class='ocrx_word' id='word_1_255' title='bbox 576 2445 658 2477; x_wconf 78' lang='lat' dir='ltr'>Tim.</span> <span class='ocrx_word' id='word_1_256' title='bbox 676 2455 716 2488; x_wconf 74' lang='grc' dir='ltr'>ιι,</span> <span class='ocrx_word' id='word_1_257' title='bbox 744 2446 795 2477; x_wconf 80' lang='lat'>16.</span> 
     </span>
    </p>
   </div>
  </div>
 </body>
</html>
