1795 3253
324 190 416 253 ‘274
745 203 780 232 s.
824 201 1067 233 Arersrnw
1104 202 1308 233 nrlscom

324 293 344 312 ))
368 268 435 332 pit
459 269 626 329 Moyses
646 266 690 312 in
713 266 1005 313 testimonium
1027 266 1153 313 illist.
1181 288 1201 308 »
1221 267 1357 327 Magis
1382 267 1515 325 enim,
1539 268 1641 332 quia
1661 279 1702 316 et

326 358 399 404 per
425 338 667 401 Prophetas
698 339 812 383 Deus
834 356 948 402 saepe
971 350 1148 384 testatur
1176 337 1338 384 nullius
1361 357 1402 384 se
1426 339 1519 385 talis
1544 357 1702 386 mune-

322 412 378 456 ris
412 408 621 467 indigere,
656 418 697 454 et
729 407 853 453 facile
891 421 953 455 est
986 409 1152 454 ratione
1184 411 1446 473 perspicere,
1479 410 1598 473 quod
1624 427 1703 456 nec

323 486 414 541 ejus
432 479 493 525 rei
522 489 658 539 egeat,
689 480 764 542 qui
789 479 950 525 nullius
973 490 1092 539 eget,
1113 479 1391 543 compellitur
1416 481 1584 527 animus
1611 481 1703 526 hu-

323 567 476 598 manus
500 550 735 612 inquirere,
762 549 870 614 quid
895 568 973 595 nos
995 568 1072 613 per
1097 549 1195 595 111130
1225 549 1380 595 docere
1399 551 1600 607 voluerit,
1628 551 1705 614 qui

323 623 474 686 utiquc
499 638 587 666 non
609 620 769 666 frustra
797 638 845 665 ea
862 658 872 677 ,
901 621 1062 684 quibus
1085 636 1173 665 non
1199 619 1390 680 indiget,
1420 621 1503 666 sibi
1530 621 1703 681 juberet

324 694 484 748 offerri,
510 692 590 737 nisi
615 691 779 755 aliquid
800 692 843 737 in
868 693 925 737 eis
945 690 1203 745 ostenderet,
1227 691 1347 754 quod
1374 691 1502 738 nobis
1519 703 1560 737 et
1583 709 1703 738 nosse

322 765 562 829 prodesset,
599 774 640 809 et
677 764 838 809 talibus
873 763 1002 823 signis
1038 762 1309 826 praefigurari
1342 775 1574 828 oporteret.
1621 764 1704 810 Vos

323 846 466 881 autem
491 845 655 898 quanto
676 834 828 879 melius
849 845 889 879 et
911 834 1129 879 honestius
1146 834 1252 889 istis,
1274 834 1471 897 quamvis
1492 838 1584 894 jam
1602 852 1705 880 nos-

325 918 390 953 tro
415 907 599 968 tempori
617 922 704 950 non
722 906 984 960 necessariis,
1008 915 1152 949 tamen
1177 905 1522 964 significantibus
1540 904 1707 969 aliquid

324 989 367 1024 et
389 976 672 1031 docentibus,
713 975 933 1020 sacrificiis
970 974 1296 1028 subderemini,
1332 991 1465 1039 quam
1493 976 1616 1022 vobis
1652 975 1706 1020 ab

326 1047 614 1095 Auditoribus
641 1046 791 1092 vestris
814 1046 936 1092 vivas
959 1063 1155 1091 escarum
1188 1046 1388 1091 victimas
1413 1048 1556 1092 offerri
1575 1047 1709 1107 jube-

325 1119 425 1165 retis
455 1128 496 1163 et
529 1117 786 1162 crederetis)
821 1117 931 1161 Nam
965 1133 1066 1162 cum
1095 1116 1314 1179 apostolus
1341 1116 1503 1162 Paulus
1526 1117 1579 1162 de
1604 1116 1708 1181 qui—

324 1189 515 1236 busdam
535 1198 717 1251 propter
740 1188 890 1250 epulas
917 1187 1199 1247 Evangelium
1228 1188 1575 1251 praedicantibus
1599 1205 1708 1233 con-

326 1259 622 1323 gruentissime
640 1258 794 1304 dixerit
812 1277 822 1303 ε
842 1281 860 1299 «
878 1259 1077 1315 Quorum
1095 1261 1210 1304 Deus
1223 1270 1371 1304 venter
1387 1270 1448 1304 est
1462 1260 1479 1287 2
1490 1297 1499 1315 ,
1516 1269 1710 1323 »quanto

325 1349 402 1378 vos
426 1329 718 1389 arrogantiore
742 1328 964 1391 impietate
986 1329 1179 1388 jactatis,
1204 1330 1281 1392 qui
1303 1340 1493 1374 ventrem
1519 1340 1712 1376 vestrum

327 1420 416 1449 non
436 1402 594 1456 Deum,
624 1400 696 1445 sed
718 1399 836 1463 quod
863 1399 1144 1445 sceleratioris
1165 1399 1455 1455 :111d21ciaecst‚
1480 1400 1555 1445 Dei
1580 1417 1713 1445 mun-

330 1473 525 1519 datorem
553 1470 695 1516 dicere
718 1487 807 1515 non
834 1470 1023 1516 timetis?
1056 1474 1193 1530 Cujus
1218 1487 1350 1533 porro
1379 1470 1608 1516 dementiae
1632 1480 1710 1527 est,

329 1544 425 1607 pios
453 1559 495 1587 se
524 1541 662 1587 videri
688 1540 810 1597 velle,
842 1540 962 1604 quod
993 1540 1049 1586 ab
1075 1540 1331 1586 animalium
1353 1540 1650 1586 interfectione
1674 1557 1715 1586 se

330 1623 587 1677 temperent,
615 1628 717 1657 culn
741 1628 887 1657 omnes
916 1628 1011 1657 suas
1035 1628 1152 1657 escas
1173 1611 1341 1657 easdem
1364 1612 1528 1657 animas
1553 1611 1715 1658 habere

331 1686 497 1739 dicant,
523 1683 704 1747 quibus,
730 1693 778 1728 ut
800 1693 978 1746 putant,
1010 1682 1277 1740 viventibus,
1316 1693 1435 1729 tanta
1464 1683 1645 1729 vulnera
1676 1693 1717 1728 et

335 1755 538 1803 manibus
557 1764 598 1799 et
618 1753 825 1800 dentibus
845 1754 1077 1814 ingerunt?

399 1826 475 1872 VI.
519 1826 611 1871 Cur
644 1833 788 1870 autem
808 1863 818 1881 ,
856 1825 888 1870 si
916 1825 1125 1871 carnibus
1167 1825 1283 1872 vesci
1313 1843 1402 1872 non
1430 1826 1562 1874 vultis
1582 1863 1593 1883 ,
1631 1842 1719 1871 non

335 1897 431 1960 ipsa
453 1894 653 1942 animalia
675 1896 766 1941 Deo
784 1906 923 1942 vestro
945 1895 1091 1941 oblata
1109 1890 1307 1941 mactatis
1322 1934 1332 1952 ,
1364 1907 1411 1942 ut
1435 1898 1592 1943 animae
1611 1895 1716 1953 illae,

337 1984 444 2031 quas
460 1983 551 2011 non
574 1965 713 2011 solum
737 1967 902 2030 putatis
920 1967 1137 2013 humanas
1154 2004 1164 2023 ,
1185 1965 1258 2012 sed
1275 1967 1337 2013 ita
1353 1967 1521 2015 divinas
1534 2005 1545 2024 ,
1567 1978 1614 2013 ut
1629 1968 1722 2030 ipsa

339 2038 421 2084 Dei
445 2037 645 2083 membra
667 2054 755 2083 esse
774 2037 960 2083 credatis
977 2073 986 2091 ‚
1010 2056 1033 2084 a
1051 2037 1194 2084 carnis
1229 2055 1397 2084 carcere
1420 2038 1718 2093 dimittantur,

341 2119 384 2155 et
406 2125 459 2154 ne
478 2108 632 2153 iterum
655 2107 858 2165 redeant,
880 2109 1029 2155 vestris
1045 2109 1316 2156 orationibus
1335 2109 1722 2156 commendentur?

343 2180 412 2226 An
433 2177 618 2240 amplius
643 2195 710 2224 eas
736 2178 951 2239 adjuvatis
969 2190 1118 2227 ventre
1136 2197 1270 2244 quam
1292 2191 1457 2235 mente,
1481 2191 1524 2226 et
1545 2180 1618 2226 illa
1636 2196 1724 2244 po-

344 2249 428 2294 tius
453 2247 532 2292 Dei
554 2258 711 2294 natura
730 2249 943 2309 salvatur,
969 2268 1069 2315 quae
1092 2252 1244 2298 vestris
1269 2251 1507 2297 visceribus
1534 2250 1725 2297 exhalari

344 2319 552 2366 meruerit
573 2356 584 2376 ,
636 2336 770 2383 quam
807 2339 909 2385 quae
952 2322 1102 2369 vestris
1141 2321 1347 2387 precibus
1392 2321 1726 2368 commendari?

346 2392 585 2454 Propterea
609 2406 710 2452 ergo
727 2395 868 2439 ventri
887 2404 1029 2440 vestro
1050 2410 1209 2457 pecora
1227 2410 1316 2438 non
1331 2394 1580 2439 sacrificatis
1592 2431 1603 2450 ,
1624 2391 1727 2458 quia

347 2478 397 2508 ea
422 2462 522 2508 viva
549 2461 775 2509 absumere
805 2481 893 2511 non
923 2466 1126 2529 potestis,
1155 2475 1204 2512 ut
1226 2481 1375 2511 eorum
1403 2465 1567 2512 animas
1590 2464 1730 2511 inter-

400 2550 410 2568 1
430 2547 508 2579 Luc.
524 2555 555 2584 v,
579 2550 630 2581 ¹4·
651 2563 695 2571 --
714 2543 730 2567 2
749 2545 940 2592 Pl1itip‚111,
962 2560 1013 2589 19.
