1795 3253
258 287 430 318 CONTRA
467 288 666 317 FAUSTUM
702 287 1004 327 MANIqu-:rin
1045 288 1132 319 Lm.
1175 289 1215 317 v.
1343 272 1428 317 261

59 352 143 399 sibi
160 353 478 418 praecipiuntur
506 371 638 416 quam
667 352 712 398 in
741 352 879 415 ipsam
903 363 1060 398 sectam
1080 352 1297 399 vanissimi
1323 370 1438 398 erro-

60 424 116 469 ris
136 441 203 469 me
223 424 300 469 ista
320 423 461 469 dicere
488 424 716 488 quisquam
743 422 1052 486 reprehendat,
1076 423 1162 469 hoc
1188 423 1287 469 dico
1310 441 1320 468 ι
1345 424 1435 468 Ta-

61 493 115 540 lia
141 505 240 540 sunt
270 495 363 557 ipsa
385 505 604 558 praecepta
637 493 887 548 Manichaei,
915 503 962 537 ut
995 493 1028 537 si
1047 510 1092 538 ea
1121 510 1207 538 non
1246 493 1431 549 faciatis,

60 565 381 630 deceptores3si
421 576 564 612 autem
586 565 770 620 faciatis,
808 564 981 627 decepti
1004 564 1109 611 sitis.
1151 565 1300 627 Neque
1319 565 1434 610 enim

60 637 260 682 Christus
282 636 406 682 vobis
428 637 642 700 praecepit
662 647 709 681 ut
731 635 912 680 herbam
933 652 1020 680 non
1046 635 1252 691 evellatis,
1277 653 1328 680 ne
1356 635 1435 679 lio-

56 707 281 753 micidium
306 707 580 770 perpetretis,
614 707 688 770 qui
716 705 964 769 Discipulos
1005 722 1101 751 suos
1138 723 1215 768 per
1253 716 1435 765 segetem

57 788 339 833 transeuntes,
358 788 400 823 et
423 778 670 834 esurientes,
693 777 846 823 vellere
860 777 1000 840 spicas
1018 777 1203 821 sabbato
1223 793 1309 821 non
1338 793 1436 838 pro-

56 848 204 894 hibuit
227 847 263 902 1,
287 848 400 894 unde
427 849 704 894 convinceret
722 858 762 893 et
779 857 1011 911 praesentes
1031 847 1227 901 Judaeos‚
1250 857 1291 891 et
1311 847 1432 892 futu-

58 935 126 963 ros
149 919 445 964 Manichaeos:
473 918 569 964 illos
587 956 597 972 ‚
619 919 722 982 quia
754 918 937 964 sabbato
980 917 1139 971 fiebat;
1175 917 1277 962 istos
1301 935 1402 962 vero
1421 953 1432 971 ‚

57 990 159 1053 quia
197 989 347 1034 fiebat.
377 988 463 1034 Sed
486 989 615 1052 plane
645 989 920 1034 Manichaeus
954 987 1190 1052 praecepit,
1219 997 1267 1033 ut
1291 987 1437 1032 otiosis

58 1059 259 1105 manibus
280 1059 447 1116 vestris,
469 1059 522 1105 de
544 1059 794 1105 homicidiis
808 1059 960 1106 vivatis
978 1058 1125 1104 alienis
1146 1076 1156 1103 :
1185 1069 1226 1103 et
1246 1058 1317 1104 illa
1341 1058 1437 1120 qui-

57 1130 155 1175 dem
172 1129 277 1175 falsa
304 1140 404 1175 sunt
422 1130 685 1186 homicidia,
711 1130 784 1175 sed
807 1141 945 1175 vestra
968 1141 1068 1175 sunt
1086 1147 1202 1186 vera,
1237 1146 1337 1175 cum
1360 1129 1433 1174 tali

58 1200 374 1246 daemoniorum
398 1200 595 1246 doctrina
617 1201 791 1246 miseras
816 1200 980 1246 animas
1005 1200 1254 1246 trucidatis.

121 1272 220 1318 Vll.
244 1272 361 1317 Inest
379 1282 521 1317 tamen
540 1272 611 1317 ille
630 1272 861 1317 haereticus
889 1273 1056 1335 typhus
1074 1309 1083 1327 ‚
1121 1271 1434 1317 intolerabilis-

57 1360 141 1407 que
167 1342 382 1406 superbia.
408 1343 589 1399 «Vides,
614 1343 775 1406 inquit,
799 1343 842 1388 in
864 1360 931 1387 me
956 1343 1121 1388 Christi
1144 1342 1436 1388 beatitudines

58 1414 150 1459 illas
165 1452 175 1471 ‚
197 1431 296 1477 quae
324 1414 606 1473 Evangelium
631 1414 816 1469 faciunt,
840 1424 881 1459 et
904 1414 1138 1473 interrogas
1159 1424 1306 1459 utrum
1326 1413 1436 1459 illud

58 1485 298 1548 accipiam?
314 1483 440 1530 Vides
452 1502 710 1548 pauperem,
726 1484 846 1531 vides
861 1485 1030 1541 mitem,
1048 1484 1167 1530 vides
1177 1485 1411 1548 pacificum
1422 1522 1432 1541 ,

56 1573 168 1619 puro
207 1555 339 1601 corde
354 1592 363 1610 ‚
404 1555 622 1616 lugentem
640 1593 651 1611 ‚
693 1556 949 1601 esurientem
964 1593 975 1611 ,
1015 1555 1227 1600 sitientem
1245 1593 1255 1611 ‚
1296 1573 1437 1618 perse-

57 1627 249 1672 cutiones
269 1636 310 1671 et
323 1625 423 1671 odia
440 1627 719 1672 sustinentem
737 1637 920 1690 propter
932 1627 1172 1686 justitiam
1198 1637 1240 1672 et
1258 1626 1436 1672 dubitas

56 1708 203 1743 utrum
228 1697 443 1759 accipiam
462 1697 771 1756 Evangeliump
795 1718 815 1738 ›>
836 1697 882 1742 Si
901 1697 987 1743 hoe
1008 1708 1114 1743 esset
1132 1700 1299 1756 justum
1323 1715 1433 1753 esse,

52 1767 288 1827 justificare
306 1784 348 1812 se
367 1767 531 1830 ipsum,
553 1767 698 1813 verbis
721 1768 807 1813 suis
845 1768 1028 1815 volasset
1051 1768 1095 1813 in
1115 1768 1278 1814 coelum
1300 1769 1434 1813 homo

55 1839 150 1894 iste,
174 1855 275 1884 cum
288 1838 387 1884 haec
408 1838 671 1902 loqueretur.
708 1839 793 1884 Sed
813 1856 890 1899 ego
916 1840 959 1884 in
981 1839 1156 1885 delicias
1179 1839 1324 1885 Fausti
1343 1857 1431 1885 non

55 1909 254 1965 invehor,
294 1920 414 1954 notas
446 1910 650 1955 omnibus
689 1910 977 1955 Auditoribus
1003 1910 1367 1965 Manichaeorum,
1396 1921 1437 1955 et

55 1980 112 2025 eis
135 1979 318 2025 maxime
331 1980 522 2043 quisunt
538 1981 718 2025 Romae:
741 1980 869 2025 talem
885 1997 1087 2044 propono
1113 1981 1432 2036 Manichaeum,

55 2050 226 2114 qualem
278 2051 557 2096 Constantius
612 2051 862 2114 requirebat
885 2088 896 2105 ‚
946 2068 1047 2096 cum
1094 2051 1168 2097 illa
1214 2062 1436 2115 praecepta

55 2121 249 2181 exigebat
267 2120 468 2184 impleri,
496 2139 583 2167 non
616 2121 789 2185 qualem
819 2121 958 2167 videri
992 2122 1182 2169 nolebat.
1224 2124 1278 2167 Et
1313 2122 1437 2168 illum

56 2202 200 2238 tamen
222 2191 445 2255 quomodo
464 2192 590 2238 video
606 2210 841 2256 pauperem
867 2192 1040 2257 spiritu,
1062 2193 1137 2256 qui
1164 2203 1251 2238 tam
1278 2210 1434 2256 super-

54 2263 139 2309 bus
160 2272 245 2318 est,
273 2272 323 2307 ut
346 2263 535 2308 animam
560 2280 682 2308 suam
707 2264 846 2309 Deum
882 2263 1057 2320 credat,
1092 2280 1169 2310 nec
1203 2264 1432 2327 captivum

53 2334 310 2380 erubeseat?
337 2334 570 2390 Quomodo
591 2335 756 2389 mitem,
772 2336 848 2399 qui
867 2345 999 2381 tantae
1019 2336 1267 2381 auctoritati
1292 2337 1432 2381 Evan-

55 2405 203 2466 gelicae
226 2404 390 2449 mavult
410 2405 634 2462 insultare,
658 2423 791 2469 quam
819 2406 1020 2453 credere?
1047 2406 1280 2463 Quomodo
1304 2407 1433 2470 paci·-

56 2477 190 2522 ficum
210 2512 221 2532 ‚
245 2476 320 2538 qui
346 2486 545 2522 naturam
564 2477 701 2541 ipsam
726 2477 920 2524 divinam
935 2515 945 2534 ,
966 2494 1054 2543 qua
1077 2479 1191 2523 Deus
1213 2488 1274 2522 est
1292 2477 1425 2540 quid-

55 2544 165 2610 quid
187 2555 266 2601 est,
288 2545 365 2608 qui
395 2545 508 2593 solus
543 2564 641 2594 vere
675 2558 762 2605 est,
809 2557 1068 2613 perpetuam
1093 2565 1247 2612 pacem
1272 2547 1434 2594 habere

104 2628 115 2653 ¹
132 2628 248 2662 Matth.
264 2639 323 2668 xu,
345 2640 374 2662 1.
