<?xml version="1.0" encoding="UTF-8"?>
<!DOCTYPE html PUBLIC "-//W3C//DTD XHTML 1.0 Transitional//EN"
    "http://www.w3.org/TR/xhtml1/DTD/xhtml1-transitional.dtd">
<html xmlns="http://www.w3.org/1999/xhtml" xml:lang="en" lang="en">
 <head>
  <title>
</title>
<meta http-equiv="Content-Type" content="text/html;charset=utf-8" />
  <meta name='ocr-system' content='tesseract 3.04.00' />
  <meta name='ocr-capabilities' content='ocr_page ocr_carea ocr_par ocr_line ocrx_word'/>
</head>
<body>
  <div class='ocr_page' id='page_1' title='image "./operaomniaaccura28auguuoft/operaomniaaccura28auguuoft_0503.png"; bbox 0 0 1795 3253; ppageno 0'>
   <div class='ocr_carea' id='block_1_1' title="bbox 240 290 1447 352">
    <p class='ocr_par' dir='ltr' id='par_1_1' title="bbox 240 290 1447 352">
     <span class='ocr_line' id='line_1_1' title="bbox 240 290 1447 352; baseline -0.005 -15"><span class='ocrx_word' id='word_1_1' title='bbox 240 307 415 337; x_wconf 74' lang='lat' dir='ltr'><strong>CONTRA</strong></span> <span class='ocrx_word' id='word_1_2' title='bbox 450 305 652 336; x_wconf 75' lang='lat' dir='ltr'>FAnsrmr</span> <span class='ocrx_word' id='word_1_3' title='bbox 686 303 987 345; x_wconf 53' lang='lat' dir='ltr'>MANicnAEuin</span> <span class='ocrx_word' id='word_1_4' title='bbox 1028 305 1113 335; x_wconf 75' lang='lat' dir='ltr'>mn.</span> <span class='ocrx_word' id='word_1_5' title='bbox 1157 305 1233 334; x_wconf 86' lang='lat' dir='ltr'>x1x</span> <span class='ocrx_word' id='word_1_6' title='bbox 1356 290 1447 352; x_wconf 64' lang='lat'>493</span> 
     </span>
    </p>
   </div>
   <div class='ocr_carea' id='block_1_2' title="bbox 76 367 1476 2552">
    <p class='ocr_par' dir='ltr' id='par_1_2' title="bbox 76 367 1471 2270">
     <span class='ocr_line' id='line_1_2' title="bbox 76 367 1449 435; baseline -0.001 -16"><span class='ocrx_word' id='word_1_7' title='bbox 76 373 317 420; x_wconf 88' lang='lat' dir='ltr'>venientem</span> <span class='ocrx_word' id='word_1_8' title='bbox 341 372 386 418; x_wconf 92' lang='lat' dir='ltr'>in</span> <span class='ocrx_word' id='word_1_9' title='bbox 411 372 531 418; x_wconf 88' lang='lat' dir='ltr'>hune</span> <span class='ocrx_word' id='word_1_10' title='bbox 555 370 769 417; x_wconf 89' lang='lat' dir='ltr'>mundum</span> <span class='ocrx_word' id='word_1_11' title='bbox 785 367 824 426; x_wconf 72' lang='lat'>1,</span> <span class='ocrx_word' id='word_1_12' title='bbox 848 370 980 416; x_wconf 89' lang='lat' dir='ltr'>nostis</span> <span class='ocrx_word' id='word_1_13' title='bbox 1003 369 1146 434; x_wconf 85' lang='lat' dir='ltr'>aliqua</span> <span class='ocrx_word' id='word_1_14' title='bbox 1166 388 1211 416; x_wconf 88' lang='lat' dir='ltr'>ex</span> <span class='ocrx_word' id='word_1_15' title='bbox 1231 382 1353 435; x_wconf 83' lang='lat' dir='ltr'>parte</span> <span class='ocrx_word' id='word_1_16' title='bbox 1371 389 1449 417; x_wconf 86' lang='lat' dir='ltr'>eo-</span> 
     </span>
     <span class='ocr_line' id='line_1_3' title="bbox 79 442 1452 508; baseline -0.002 -18"><span class='ocrx_word' id='word_1_17' title='bbox 79 444 212 504; x_wconf 84' lang='lat' dir='ltr'>gitare</span> <span class='ocrx_word' id='word_1_18' title='bbox 230 463 240 490; x_wconf 91' lang='lat'>:</span> <span class='ocrx_word' id='word_1_19' title='bbox 260 455 302 490; x_wconf 87' lang='lat' dir='ltr'>et</span> <span class='ocrx_word' id='word_1_20' title='bbox 321 461 400 508; x_wconf 86' lang='lat' dir='ltr'>per</span> <span class='ocrx_word' id='word_1_21' title='bbox 414 443 640 489; x_wconf 89' lang='lat' dir='ltr'>dominum</span> <span class='ocrx_word' id='word_1_22' title='bbox 657 452 844 489; x_wconf 83' lang='lat' dir='ltr'>vestrum</span> <span class='ocrx_word' id='word_1_23' title='bbox 864 442 1156 487; x_wconf 74' lang='lat' dir='ltr'>Maniehaeum</span> <span class='ocrx_word' id='word_1_24' title='bbox 1173 480 1184 498; x_wconf 80' lang='lat'>‚</span> <span class='ocrx_word' id='word_1_25' title='bbox 1207 443 1282 506; x_wconf 89' lang='lat' dir='ltr'>qui</span> <span class='ocrx_word' id='word_1_26' title='bbox 1305 444 1452 488; x_wconf 85' lang='lat' dir='ltr'>Manes</span> 
     </span>
     <span class='ocr_line' id='line_1_4' title="bbox 78 512 1453 579; baseline -0.002 -18"><span class='ocrx_word' id='word_1_27' title='bbox 78 515 226 575; x_wconf 86' lang='lat' dir='ltr'>lingua</span> <span class='ocrx_word' id='word_1_28' title='bbox 250 515 390 579; x_wconf 86' lang='lat' dir='ltr'>patria</span> <span class='ocrx_word' id='word_1_29' title='bbox 416 514 660 560; x_wconf 72' lang='lat' dir='ltr'>vocabatur</span> <span class='ocrx_word' id='word_1_30' title='bbox 682 531 692 559; x_wconf 72' lang='grc' dir='ltr'><strong><em>ε</em></strong></span> <span class='ocrx_word' id='word_1_31' title='bbox 714 512 786 558; x_wconf 88' lang='lat' dir='ltr'>sed</span> <span class='ocrx_word' id='word_1_32' title='bbox 808 529 883 558; x_wconf 87' lang='lat' dir='ltr'>vos</span> <span class='ocrx_word' id='word_1_33' title='bbox 903 524 949 559; x_wconf 89' lang='lat' dir='ltr'>ut</span> <span class='ocrx_word' id='word_1_34' title='bbox 968 512 1086 577; x_wconf 80' lang='lat' dir='ltr'>apud</span> <span class='ocrx_word' id='word_1_35' title='bbox 1105 513 1281 559; x_wconf 76' lang='lat' dir='ltr'>Graecos</span> <span class='ocrx_word' id='word_1_36' title='bbox 1297 530 1453 559; x_wconf 90' lang='lat' dir='ltr'>nomen</span> 
     </span>
     <span class='ocr_line' id='line_1_5' title="bbox 77 582 1452 647; baseline -0.001 -16"><span class='ocrx_word' id='word_1_37' title='bbox 77 585 258 631; x_wconf 85' lang='lat' dir='ltr'>insaniae</span> <span class='ocrx_word' id='word_1_38' title='bbox 281 586 495 641; x_wconf 77' lang='lat' dir='ltr'>vitaretis,</span> <span class='ocrx_word' id='word_1_39' title='bbox 519 584 638 630; x_wconf 75' lang='lat' dir='ltr'>velut</span> <span class='ocrx_word' id='word_1_40' title='bbox 661 582 877 629; x_wconf 81' lang='lat' dir='ltr'>declinato</span> <span class='ocrx_word' id='word_1_41' title='bbox 901 594 943 628; x_wconf 92' lang='lat' dir='ltr'>et</span> <span class='ocrx_word' id='word_1_42' title='bbox 970 583 1228 647; x_wconf 82' lang='lat' dir='ltr'>prolongato</span> <span class='ocrx_word' id='word_1_43' title='bbox 1253 585 1426 630; x_wconf 90' lang='lat' dir='ltr'>nomine</span> <span class='ocrx_word' id='word_1_44' title='bbox 1441 621 1452 640; x_wconf 74' lang='grc'>,</span> 
     </span>
     <span class='ocr_line' id='line_1_6' title="bbox 80 653 1456 719; baseline -0.002 -17"><span class='ocrx_word' id='word_1_45' title='bbox 80 656 203 719; x_wconf 83' lang='lat' dir='ltr'>quasi</span> <span class='ocrx_word' id='word_1_46' title='bbox 228 655 441 702; x_wconf 76' lang='lat' dir='ltr'>fusionem</span> <span class='ocrx_word' id='word_1_47' title='bbox 467 655 695 701; x_wconf 72' lang='lat' dir='ltr'>addidistis</span> <span class='ocrx_word' id='word_1_48' title='bbox 716 691 726 711; x_wconf 82' lang='lat'>‚</span> <span class='ocrx_word' id='word_1_49' title='bbox 755 653 832 699; x_wconf 81' lang='lat' dir='ltr'>ubi</span> <span class='ocrx_word' id='word_1_50' title='bbox 858 654 1043 718; x_wconf 84' lang='lat' dir='ltr'>amplius</span> <span class='ocrx_word' id='word_1_51' title='bbox 1069 654 1336 701; x_wconf 79' lang='lat' dir='ltr'>laberemini.</span> <span class='ocrx_word' id='word_1_52' title='bbox 1384 654 1456 699; x_wconf 80' lang='lat' dir='ltr'>Sic</span> 
     </span>
     <span class='ocr_line' id='line_1_7' title="bbox 81 725 1459 791; baseline -0.001 -18"><span class='ocrx_word' id='word_1_53' title='bbox 81 727 193 773; x_wconf 88' lang='lat' dir='ltr'>enim</span> <span class='ocrx_word' id='word_1_54' title='bbox 221 727 331 773; x_wconf 90' lang='lat' dir='ltr'>mihi</span> <span class='ocrx_word' id='word_1_55' title='bbox 362 726 542 791; x_wconf 87' lang='lat' dir='ltr'>quidam</span> <span class='ocrx_word' id='word_1_56' title='bbox 568 737 757 772; x_wconf 81' lang='lat' dir='ltr'>vestrum</span> <span class='ocrx_word' id='word_1_57' title='bbox 782 726 979 789; x_wconf 77' lang='lat' dir='ltr'>exposuit</span> <span class='ocrx_word' id='word_1_58' title='bbox 1001 764 1011 782; x_wconf 78' lang='grc'><em>,</em></span> <span class='ocrx_word' id='word_1_59' title='bbox 1035 743 1114 772; x_wconf 84' lang='lat' dir='ltr'>cur</span> <span class='ocrx_word' id='word_1_60' title='bbox 1139 725 1381 789; x_wconf 84' lang='lat' dir='ltr'>appellatus</span> <span class='ocrx_word' id='word_1_61' title='bbox 1406 726 1459 771; x_wconf 87' lang='lat' dir='ltr'>sit</span> 
     </span>
     <span class='ocr_line' id='line_1_8' title="bbox 82 795 1457 859; baseline -0.001 -16"><span class='ocrx_word' id='word_1_62' title='bbox 82 797 383 853; x_wconf 80' lang='lat' dir='ltr'>Maniehaeus</span> <span class='ocrx_word' id='word_1_63' title='bbox 412 808 460 843; x_wconf 92' lang='lat' dir='ltr'>ut</span> <span class='ocrx_word' id='word_1_64' title='bbox 486 797 678 843; x_wconf 83' lang='lat' dir='ltr'>scilieet</span> <span class='ocrx_word' id='word_1_65' title='bbox 668 815 710 842; x_wconf 82' lang='lat' dir='ltr'>ln</span> <span class='ocrx_word' id='word_1_66' title='bbox 731 813 860 856; x_wconf 84' lang='lat' dir='ltr'>graec·</span> <span class='ocrx_word' id='word_1_67' title='bbox 862 814 871 840; x_wconf 87' lang='grc' dir='ltr'>ι</span> <span class='ocrx_word' id='word_1_68' title='bbox 890 795 1036 856; x_wconf 80' lang='lat' dir='ltr'>lingua</span> <span class='ocrx_word' id='word_1_69' title='bbox 1061 807 1267 859; x_wconf 65' lang='lat' dir='ltr'>tanquam</span> <span class='ocrx_word' id='word_1_70' title='bbox 1300 813 1457 842; x_wconf 85' lang='lat' dir='ltr'>manna</span> 
     </span>
     <span class='ocr_line' id='line_1_9' title="bbox 81 865 1460 933; baseline -0.001 -19"><span class='ocrx_word' id='word_1_71' title='bbox 81 866 1336 933; x_wconf 61' lang='lat' dir='ltr'>funderexideretur&lt;111iagraeeefundi9&lt;52rdieitur:ubi</span> <span class='ocrx_word' id='word_1_72' title='bbox 1353 865 1460 930; x_wconf 84' lang='lat' dir='ltr'>qnid</span> 
     </span>
     <span class='ocr_line' id='line_1_10' title="bbox 83 939 1460 1003; baseline -0.002 -17"><span class='ocrx_word' id='word_1_73' title='bbox 83 940 249 1000; x_wconf 83' lang='lat' dir='ltr'>egeritis</span> <span class='ocrx_word' id='word_1_74' title='bbox 272 941 442 987; x_wconf 87' lang='lat' dir='ltr'>neseio.</span> <span class='ocrx_word' id='word_1_75' title='bbox 466 941 545 986; x_wconf 81' lang='lat' dir='ltr'>nisi</span> <span class='ocrx_word' id='word_1_76' title='bbox 575 951 621 985; x_wconf 85' lang='lat' dir='ltr'>ut</span> <span class='ocrx_word' id='word_1_77' title='bbox 648 939 882 1003; x_wconf 71' lang='lat' dir='ltr'>expressius</span> <span class='ocrx_word' id='word_1_78' title='bbox 907 939 1032 985; x_wconf 76' lang='lat' dir='ltr'>vobis</span> <span class='ocrx_word' id='word_1_79' title='bbox 1056 939 1322 983; x_wconf 78' lang='lat' dir='ltr'>somniaietis</span> <span class='ocrx_word' id='word_1_80' title='bbox 1351 939 1460 983; x_wconf 80' lang='lat' dir='ltr'>insa-</span> 
     </span>
     <span class='ocr_line' id='line_1_11' title="bbox 84 1009 1458 1075; baseline -0.002 -19"><span class='ocrx_word' id='word_1_81' title='bbox 84 1011 216 1058; x_wconf 83' lang='lat' dir='ltr'>niam.</span> <span class='ocrx_word' id='word_1_82' title='bbox 239 1012 387 1075; x_wconf 84' lang='lat' dir='ltr'>Neque</span> <span class='ocrx_word' id='word_1_83' title='bbox 407 1012 542 1056; x_wconf 89' lang='lat' dir='ltr'>enim·</span> <span class='ocrx_word' id='word_1_84' title='bbox 537 1010 705 1056; x_wconf 69' lang='lat' dir='ltr'>addidis</span> <span class='ocrx_word' id='word_1_85' title='bbox 713 1010 814 1055; x_wconf 78' lang='lat' dir='ltr'>[isin</span> <span class='ocrx_word' id='word_1_86' title='bbox 829 1020 951 1072; x_wconf 84' lang='lat' dir='ltr'>parte</span> <span class='ocrx_word' id='word_1_87' title='bbox 966 1009 1108 1072; x_wconf 81' lang='lat' dir='ltr'>piiore</span> <span class='ocrx_word' id='word_1_88' title='bbox 1123 1009 1309 1054; x_wconf 85' lang='lat' dir='ltr'>nominis</span> <span class='ocrx_word' id='word_1_89' title='bbox 1328 1025 1384 1053; x_wconf 87' lang='lat' dir='ltr'>un</span> <span class='ocrx_word' id='word_1_90' title='bbox 1390 1026 1458 1053; x_wconf 84' lang='lat' dir='ltr'>am</span> 
     </span>
     <span class='ocr_line' id='line_1_12' title="bbox 83 1078 1460 1142; baseline -0.003 -15"><span class='ocrx_word' id='word_1_91' title='bbox 83 1081 269 1128; x_wconf 82' lang='lat' dir='ltr'>litteram</span> <span class='ocrx_word' id='word_1_92' title='bbox 288 1119 298 1138; x_wconf 81' lang='lat'><em>‚</em></span> <span class='ocrx_word' id='word_1_93' title='bbox 325 1093 373 1127; x_wconf 87' lang='lat' dir='ltr'>ut</span> <span class='ocrx_word' id='word_1_94' title='bbox 399 1092 701 1142; x_wconf 79' lang='lat' dir='ltr'>agnosceretur</span> <span class='ocrx_word' id='word_1_95' title='bbox 734 1098 916 1133; x_wconf 80' lang='lat' dir='ltr'>manna3</span> <span class='ocrx_word' id='word_1_96' title='bbox 947 1079 1018 1124; x_wconf 85' lang='lat' dir='ltr'>sed</span> <span class='ocrx_word' id='word_1_97' title='bbox 1041 1078 1267 1124; x_wconf 75' lang='lat' dir='ltr'>addidistis</span> <span class='ocrx_word' id='word_1_98' title='bbox 1290 1080 1333 1124; x_wconf 89' lang='lat' dir='ltr'>in</span> <span class='ocrx_word' id='word_1_99' title='bbox 1354 1096 1460 1142; x_wconf 82' lang='lat' dir='ltr'>pos-</span> 
     </span>
     <span class='ocr_line' id='line_1_13' title="bbox 85 1149 1461 1215; baseline -0.004 -16"><span class='ocrx_word' id='word_1_100' title='bbox 85 1154 239 1199; x_wconf 86' lang='lat' dir='ltr'>teriore</span> <span class='ocrx_word' id='word_1_101' title='bbox 260 1153 366 1198; x_wconf 88' lang='lat' dir='ltr'>duas</span> <span class='ocrx_word' id='word_1_102' title='bbox 386 1152 574 1215; x_wconf 73' lang='lat' dir='ltr'>syllabas</span> <span class='ocrx_word' id='word_1_103' title='bbox 591 1190 600 1206; x_wconf 76' lang='lat'>‚</span> <span class='ocrx_word' id='word_1_104' title='bbox 625 1169 711 1197; x_wconf 87' lang='lat' dir='ltr'>non</span> <span class='ocrx_word' id='word_1_105' title='bbox 738 1150 1004 1214; x_wconf 78' lang='lat' dir='ltr'>appellantes</span> <span class='ocrx_word' id='word_1_106' title='bbox 1026 1150 1373 1206; x_wconf 55' lang='lat' dir='ltr'>lilannichaeum,</span> <span class='ocrx_word' id='word_1_107' title='bbox 1390 1149 1461 1195; x_wconf 92' lang='lat' dir='ltr'>sed</span> 
     </span>
     <span class='ocr_line' id='line_1_14' title="bbox 86 1220 1464 1283; baseline -0.004 -14"><span class='ocrx_word' id='word_1_108' title='bbox 86 1223 413 1277; x_wconf 54' lang='lat' dir='ltr'>Maniehaeunu</span> <span class='ocrx_word' id='word_1_109' title='bbox 442 1233 488 1268; x_wconf 91' lang='lat' dir='ltr'>ut</span> <span class='ocrx_word' id='word_1_110' title='bbox 512 1222 626 1267; x_wconf 89' lang='lat' dir='ltr'>nihil</span> <span class='ocrx_word' id='word_1_111' title='bbox 651 1221 771 1267; x_wconf 87' lang='lat' dir='ltr'>alind</span> <span class='ocrx_word' id='word_1_112' title='bbox 795 1221 921 1266; x_wconf 72' lang='lat' dir='ltr'>vobis</span> <span class='ocrx_word' id='word_1_113' title='bbox 945 1231 1030 1265; x_wconf 87' lang='lat' dir='ltr'>tam</span> <span class='ocrx_word' id='word_1_114' title='bbox 1059 1220 1234 1283; x_wconf 78' lang='lat' dir='ltr'>prolixis</span> <span class='ocrx_word' id='word_1_115' title='bbox 1266 1231 1306 1265; x_wconf 89' lang='lat' dir='ltr'>et</span> <span class='ocrx_word' id='word_1_116' title='bbox 1343 1221 1464 1265; x_wconf 82' lang='lat' dir='ltr'>vanis</span> 
     </span>
     <span class='ocr_line' id='line_1_15' title="bbox 86 1290 1466 1354; baseline -0.003 -15"><span class='ocrx_word' id='word_1_117' title='bbox 86 1294 357 1339; x_wconf 82' lang='lat' dir='ltr'>sermonibus</span> <span class='ocrx_word' id='word_1_118' title='bbox 376 1293 462 1338; x_wconf 90' lang='lat' dir='ltr'>suis</span> <span class='ocrx_word' id='word_1_119' title='bbox 487 1293 566 1338; x_wconf 89' lang='lat' dir='ltr'>nisi</span> <span class='ocrx_word' id='word_1_120' title='bbox 588 1293 799 1337; x_wconf 81' lang='lat' dir='ltr'>insaniam</span> <span class='ocrx_word' id='word_1_121' title='bbox 817 1290 998 1336; x_wconf 82' lang='lat' dir='ltr'>fundere</span> <span class='ocrx_word' id='word_1_122' title='bbox 1021 1301 1202 1336; x_wconf 85' lang='lat' dir='ltr'>sonaret.</span> <span class='ocrx_word' id='word_1_123' title='bbox 1220 1291 1466 1354; x_wconf 69' lang='lat' dir='ltr'>Saepissime</span> 
     </span>
     <span class='ocr_line' id='line_1_16' title="bbox 82 1360 1464 1427; baseline -0.002 -18"><span class='ocrx_word' id='word_1_124' title='bbox 82 1364 238 1424; x_wconf 76' lang='lat' dir='ltr'>jiiratis</span> <span class='ocrx_word' id='word_1_125' title='bbox 261 1374 302 1409; x_wconf 87' lang='lat' dir='ltr'>et</span> <span class='ocrx_word' id='word_1_126' title='bbox 325 1381 404 1427; x_wconf 85' lang='lat' dir='ltr'>per</span> <span class='ocrx_word' id='word_1_127' title='bbox 422 1362 697 1408; x_wconf 81' lang='lat' dir='ltr'>Paracletum</span> <span class='ocrx_word' id='word_1_128' title='bbox 716 1400 726 1411; x_wconf 73' lang='grc'>,</span> <span class='ocrx_word' id='word_1_129' title='bbox 747 1379 835 1406; x_wconf 83' lang='lat' dir='ltr'>non</span> <span class='ocrx_word' id='word_1_130' title='bbox 854 1379 952 1406; x_wconf 87' lang='lat' dir='ltr'>sane</span> <span class='ocrx_word' id='word_1_131' title='bbox 969 1360 1090 1406; x_wconf 84' lang='lat' dir='ltr'>illum</span> <span class='ocrx_word' id='word_1_132' title='bbox 1111 1398 1121 1415; x_wconf 81' lang='grc'>,</span> <span class='ocrx_word' id='word_1_133' title='bbox 1153 1378 1282 1424; x_wconf 83' lang='lat' dir='ltr'>quem</span> <span class='ocrx_word' id='word_1_134' title='bbox 1309 1361 1464 1406; x_wconf 85' lang='lat' dir='ltr'>Chris-</span> 
     </span>
     <span class='ocr_line' id='line_1_17' title="bbox 89 1431 1461 1498; baseline -0.003 -19"><span class='ocrx_word' id='word_1_135' title='bbox 89 1445 157 1480; x_wconf 89' lang='lat' dir='ltr'>tus</span> <span class='ocrx_word' id='word_1_136' title='bbox 177 1434 414 1498; x_wconf 84' lang='lat' dir='ltr'>Discipulis</span> <span class='ocrx_word' id='word_1_137' title='bbox 443 1433 643 1497; x_wconf 82' lang='lat' dir='ltr'>promisit</span> <span class='ocrx_word' id='word_1_138' title='bbox 671 1442 713 1477; x_wconf 88' lang='lat' dir='ltr'>et</span> <span class='ocrx_word' id='word_1_139' title='bbox 747 1432 889 1477; x_wconf 73' lang='lat' dir='ltr'>misit2</span> <span class='ocrx_word' id='word_1_140' title='bbox 916 1450 925 1476; x_wconf 75' lang='grc' dir='ltr'>ε</span> <span class='ocrx_word' id='word_1_141' title='bbox 954 1431 1024 1476; x_wconf 87' lang='lat' dir='ltr'>sed</span> <span class='ocrx_word' id='word_1_142' title='bbox 1058 1448 1136 1494; x_wconf 81' lang='lat' dir='ltr'>pei·</span> <span class='ocrx_word' id='word_1_143' title='bbox 1160 1449 1257 1476; x_wconf 88' lang='lat' dir='ltr'>eum</span> <span class='ocrx_word' id='word_1_144' title='bbox 1281 1432 1423 1494; x_wconf 87' lang='lat' dir='ltr'>ipsum</span> <span class='ocrx_word' id='word_1_145' title='bbox 1450 1469 1461 1486; x_wconf 77' lang='lat'>‚</span> 
     </span>
     <span class='ocr_line' id='line_1_18' title="bbox 89 1500 1465 1566; baseline -0.004 -15"><span class='ocrx_word' id='word_1_146' title='bbox 89 1516 138 1552; x_wconf 91' lang='lat' dir='ltr'>ut</span> <span class='ocrx_word' id='word_1_147' title='bbox 154 1504 284 1550; x_wconf 85' lang='lat' dir='ltr'>latine</span> <span class='ocrx_word' id='word_1_148' title='bbox 298 1522 455 1550; x_wconf 87' lang='lat' dir='ltr'>nomen</span> <span class='ocrx_word' id='word_1_149' title='bbox 473 1507 563 1563; x_wconf 88' lang='lat' dir='ltr'>ejus</span> <span class='ocrx_word' id='word_1_150' title='bbox 584 1503 858 1566; x_wconf 73' lang='lat' dir='ltr'>interpreter,</span> <span class='ocrx_word' id='word_1_151' title='bbox 882 1500 1225 1548; x_wconf 85' lang='lat' dir='ltr'>insanifusorem.</span> <span class='ocrx_word' id='word_1_152' title='bbox 1239 1502 1348 1547; x_wconf 82' lang='lat' dir='ltr'>Cum</span> <span class='ocrx_word' id='word_1_153' title='bbox 1366 1518 1465 1561; x_wconf 79' lang='lat' dir='ltr'>ergo</span> 
     </span>
     <span class='ocr_line' id='line_1_19' title="bbox 83 1572 1465 1638; baseline -0.003 -17"><span class='ocrx_word' id='word_1_154' title='bbox 83 1580 230 1636; x_wconf 77' lang='lat' dir='ltr'>jtlrare</span> <span class='ocrx_word' id='word_1_155' title='bbox 253 1592 477 1638; x_wconf 84' lang='lat' dir='ltr'>nunquam</span> <span class='ocrx_word' id='word_1_156' title='bbox 503 1574 705 1618; x_wconf 81' lang='lat' dir='ltr'>desinatis</span> <span class='ocrx_word' id='word_1_157' title='bbox 721 1612 730 1628; x_wconf 82' lang='lat'>‚</span> <span class='ocrx_word' id='word_1_158' title='bbox 758 1572 910 1618; x_wconf 61' lang='lat' dir='ltr'>vellem</span> <span class='ocrx_word' id='word_1_159' title='bbox 936 1573 1043 1618; x_wconf 84' lang='lat' dir='ltr'>seire</span> <span class='ocrx_word' id='word_1_160' title='bbox 1063 1572 1283 1635; x_wconf 85' lang='lat' dir='ltr'>quomodo</span> <span class='ocrx_word' id='word_1_161' title='bbox 1302 1572 1465 1617; x_wconf 88' lang='lat' dir='ltr'>intelli-</span> 
     </span>
     <span class='ocr_line' id='line_1_20' title="bbox 92 1642 1470 1708; baseline -0.003 -17"><span class='ocrx_word' id='word_1_162' title='bbox 92 1647 200 1707; x_wconf 80' lang='lat' dir='ltr'>gatis</span> <span class='ocrx_word' id='word_1_163' title='bbox 222 1646 334 1692; x_wconf 88' lang='lat' dir='ltr'>hanc</span> <span class='ocrx_word' id='word_1_164' title='bbox 355 1662 528 1708; x_wconf 82' lang='lat' dir='ltr'>quoque</span> <span class='ocrx_word' id='word_1_165' title='bbox 550 1645 674 1703; x_wconf 80' lang='lat' dir='ltr'>Legis</span> <span class='ocrx_word' id='word_1_166' title='bbox 695 1655 860 1706; x_wconf 86' lang='lat' dir='ltr'>partem</span> <span class='ocrx_word' id='word_1_167' title='bbox 880 1680 890 1699; x_wconf 81' lang='lat'>‚</span> <span class='ocrx_word' id='word_1_168' title='bbox 919 1660 1049 1705; x_wconf 86' lang='lat' dir='ltr'>quam</span> <span class='ocrx_word' id='word_1_169' title='bbox 1076 1642 1203 1688; x_wconf 74' lang='lat' dir='ltr'>vultis</span> <span class='ocrx_word' id='word_1_170' title='bbox 1229 1642 1470 1706; x_wconf 86' lang='lat' dir='ltr'>antiquissi-</span> 
     </span>
     <span class='ocr_line' id='line_1_21' title="bbox 91 1712 1470 1778; baseline -0.004 -16"><span class='ocrx_word' id='word_1_171' title='bbox 91 1734 205 1763; x_wconf 85' lang='lat' dir='ltr'>mam</span> <span class='ocrx_word' id='word_1_172' title='bbox 245 1716 453 1775; x_wconf 81' lang='lat' dir='ltr'>intelligi,</span> <span class='ocrx_word' id='word_1_173' title='bbox 499 1713 619 1778; x_wconf 89' lang='lat' dir='ltr'>quod</span> <span class='ocrx_word' id='word_1_174' title='bbox 650 1714 775 1759; x_wconf 86' lang='lat' dir='ltr'>vobis</span> <span class='ocrx_word' id='word_1_175' title='bbox 813 1714 1025 1758; x_wconf 87' lang='lat' dir='ltr'>Dominus</span> <span class='ocrx_word' id='word_1_176' title='bbox 1051 1712 1382 1776; x_wconf 81' lang='lat' dir='ltr'>adimpleverit,</span> <span class='ocrx_word' id='word_1_177' title='bbox 1428 1723 1470 1758; x_wconf 91' lang='lat' dir='ltr'>et</span> 
     </span>
     <span class='ocr_line' id='line_1_22' title="bbox 94 1784 1467 1852; baseline -0.003 -19"><span class='ocrx_word' id='word_1_178' title='bbox 94 1788 226 1848; x_wconf 88' lang='lat' dir='ltr'>magis</span> <span class='ocrx_word' id='word_1_179' title='bbox 248 1798 431 1852; x_wconf 86' lang='lat' dir='ltr'>propter</span> <span class='ocrx_word' id='word_1_180' title='bbox 447 1785 687 1846; x_wconf 83' lang='lat' dir='ltr'>jurationes</span> <span class='ocrx_word' id='word_1_181' title='bbox 712 1784 923 1847; x_wconf 83' lang='lat' dir='ltr'>Apostoli.</span> <span class='ocrx_word' id='word_1_182' title='bbox 952 1785 1062 1829; x_wconf 89' lang='lat' dir='ltr'>Nam</span> <span class='ocrx_word' id='word_1_183' title='bbox 1084 1794 1222 1829; x_wconf 83' lang='lat' dir='ltr'>vestra</span> <span class='ocrx_word' id='word_1_184' title='bbox 1244 1801 1344 1847; x_wconf 79' lang='lat' dir='ltr'>quae</span> <span class='ocrx_word' id='word_1_185' title='bbox 1366 1801 1467 1830; x_wconf 84' lang='lat' dir='ltr'>auc-</span> 
     </span>
     <span class='ocr_line' id='line_1_23' title="bbox 94 1853 1468 1918; baseline -0.004 -14"><span class='ocrx_word' id='word_1_186' title='bbox 94 1859 243 1904; x_wconf 82' lang='lat' dir='ltr'>toritas</span> <span class='ocrx_word' id='word_1_187' title='bbox 279 1867 365 1908; x_wconf 70' lang='lat' dir='ltr'>est.</span> <span class='ocrx_word' id='word_1_188' title='bbox 404 1855 473 1902; x_wconf 85' lang='lat' dir='ltr'>vel</span> <span class='ocrx_word' id='word_1_189' title='bbox 505 1855 630 1901; x_wconf 86' lang='lat' dir='ltr'>vobis</span> <span class='ocrx_word' id='word_1_190' title='bbox 660 1855 789 1918; x_wconf 82' lang='lat' dir='ltr'>ipsis,</span> <span class='ocrx_word' id='word_1_191' title='bbox 818 1853 977 1899; x_wconf 88' lang='lat' dir='ltr'>nedum</span> <span class='ocrx_word' id='word_1_192' title='bbox 1010 1854 1143 1909; x_wconf 84' lang='lat' dir='ltr'>mihi,</span> <span class='ocrx_word' id='word_1_193' title='bbox 1167 1865 1242 1899; x_wconf 88' lang='lat' dir='ltr'>aut</span> <span class='ocrx_word' id='word_1_194' title='bbox 1262 1855 1468 1918; x_wconf 86' lang='lat' dir='ltr'>cuiquam</span> 
     </span>
     <span class='ocr_line' id='line_1_24' title="bbox 93 1924 1471 1990; baseline -0.004 -15"><span class='ocrx_word' id='word_1_195' title='bbox 93 1929 293 1975; x_wconf 70' lang='lat' dir='ltr'>homini?</span> <span class='ocrx_word' id='word_1_196' title='bbox 319 1926 447 1973; x_wconf 82' lang='lat' dir='ltr'>Unde</span> <span class='ocrx_word' id='word_1_197' title='bbox 470 1937 579 1990; x_wconf 89' lang='lat' dir='ltr'>puto</span> <span class='ocrx_word' id='word_1_198' title='bbox 597 1929 690 1985; x_wconf 83' lang='lat' dir='ltr'>jam</span> <span class='ocrx_word' id='word_1_199' title='bbox 719 1925 881 1970; x_wconf 86' lang='lat' dir='ltr'>clarere</span> <span class='ocrx_word' id='word_1_200' title='bbox 900 1962 910 1980; x_wconf 82' lang='lat'><strong><em>‚</em></strong></span> <span class='ocrx_word' id='word_1_201' title='bbox 937 1941 1069 1988; x_wconf 87' lang='lat' dir='ltr'>quam</span> <span class='ocrx_word' id='word_1_202' title='bbox 1106 1925 1160 1970; x_wconf 86' lang='lat' dir='ltr'>sit</span> <span class='ocrx_word' id='word_1_203' title='bbox 1196 1924 1319 1970; x_wconf 86' lang='lat' dir='ltr'>aliter</span> <span class='ocrx_word' id='word_1_204' title='bbox 1349 1925 1471 1970; x_wconf 81' lang='lat' dir='ltr'>acci-</span> 
     </span>
     <span class='ocr_line' id='line_1_25' title="bbox 95 1995 1466 2064; baseline -0.004 -18"><span class='ocrx_word' id='word_1_205' title='bbox 95 1999 305 2064; x_wconf 88' lang='lat' dir='ltr'>piendum</span> <span class='ocrx_word' id='word_1_206' title='bbox 321 2037 332 2055; x_wconf 91' lang='lat'>‚</span> <span class='ocrx_word' id='word_1_207' title='bbox 356 1996 475 2062; x_wconf 91' lang='lat' dir='ltr'>quod</span> <span class='ocrx_word' id='word_1_208' title='bbox 495 1997 555 2042; x_wconf 84' lang='lat' dir='ltr'>ait</span> <span class='ocrx_word' id='word_1_209' title='bbox 578 1996 778 2041; x_wconf 84' lang='lat' dir='ltr'>Christus</span> <span class='ocrx_word' id='word_1_210' title='bbox 802 2013 812 2040; x_wconf 87' lang='lat'>:</span> <span class='ocrx_word' id='word_1_211' title='bbox 837 1995 965 2040; x_wconf 82' lang='lat' dir='ltr'>«Non</span> <span class='ocrx_word' id='word_1_212' title='bbox 989 1995 1087 2041; x_wconf 87' lang='lat' dir='ltr'>veni</span> <span class='ocrx_word' id='word_1_213' title='bbox 1109 1997 1264 2056; x_wconf 78' lang='lat' dir='ltr'>Legem</span> <span class='ocrx_word' id='word_1_214' title='bbox 1288 1996 1466 2053; x_wconf 85' lang='lat' dir='ltr'>solvere,</span> 
     </span>
     <span class='ocr_line' id='line_1_26' title="bbox 97 2065 1471 2133; baseline -0.004 -16"><span class='ocrx_word' id='word_1_215' title='bbox 97 2092 118 2113; x_wconf 87' lang='lat'>»</span> <span class='ocrx_word' id='word_1_216' title='bbox 146 2070 217 2117; x_wconf 91' lang='lat' dir='ltr'>sed</span> <span class='ocrx_word' id='word_1_217' title='bbox 244 2069 480 2133; x_wconf 83' lang='lat' dir='ltr'>adimplere</span> <span class='ocrx_word' id='word_1_218' title='bbox 492 2068 525 2115; x_wconf 75' lang='lat'>3.</span> <span class='ocrx_word' id='word_1_219' title='bbox 544 2090 563 2109; x_wconf 88' lang='lat'>»</span> <span class='ocrx_word' id='word_1_220' title='bbox 586 2067 684 2112; x_wconf 89' lang='lat' dir='ltr'>Non</span> <span class='ocrx_word' id='word_1_221' title='bbox 704 2066 770 2112; x_wconf 90' lang='lat' dir='ltr'>his</span> <span class='ocrx_word' id='word_1_222' title='bbox 793 2065 993 2112; x_wconf 86' lang='lat' dir='ltr'>videlieet</span> <span class='ocrx_word' id='word_1_223' title='bbox 1017 2065 1322 2112; x_wconf 89' lang='lat' dir='ltr'>additamentis</span> <span class='ocrx_word' id='word_1_224' title='bbox 1337 2105 1346 2117; x_wconf 82' lang='lat'>,</span> <span class='ocrx_word' id='word_1_225' title='bbox 1371 2084 1471 2131; x_wconf 84' lang='lat' dir='ltr'>quae</span> 
     </span>
     <span class='ocr_line' id='line_1_27' title="bbox 97 2137 1471 2204; baseline -0.004 -16"><span class='ocrx_word' id='word_1_226' title='bbox 97 2141 163 2187; x_wconf 85' lang='lat' dir='ltr'>vel</span> <span class='ocrx_word' id='word_1_227' title='bbox 188 2141 243 2187; x_wconf 91' lang='lat' dir='ltr'>ad</span> <span class='ocrx_word' id='word_1_228' title='bbox 262 2140 571 2204; x_wconf 85' lang='lat' dir='ltr'>expositionem</span> <span class='ocrx_word' id='word_1_229' title='bbox 595 2138 814 2201; x_wconf 86' lang='lat' dir='ltr'>pertinent</span> <span class='ocrx_word' id='word_1_230' title='bbox 840 2137 1167 2200; x_wconf 84' lang='lat' dir='ltr'>propositarum</span> <span class='ocrx_word' id='word_1_231' title='bbox 1195 2137 1471 2201; x_wconf 83' lang='lat' dir='ltr'>antiquarum</span> 
     </span>
     <span class='ocr_line' id='line_1_28' title="bbox 98 2206 1465 2270; baseline -0.003 -12"><span class='ocrx_word' id='word_1_232' title='bbox 98 2211 402 2259; x_wconf 84' lang='lat' dir='ltr'>sententiarum</span> <span class='ocrx_word' id='word_1_233' title='bbox 412 2249 422 2267; x_wconf 86' lang='lat'>,</span> <span class='ocrx_word' id='word_1_234' title='bbox 435 2209 502 2257; x_wconf 85' lang='lat' dir='ltr'>vel</span> <span class='ocrx_word' id='word_1_235' title='bbox 517 2208 572 2255; x_wconf 85' lang='lat' dir='ltr'>ad</span> <span class='ocrx_word' id='word_1_236' title='bbox 586 2208 950 2254; x_wconf 76' lang='lat' dir='ltr'>conservationem</span> <span class='ocrx_word' id='word_1_237' title='bbox 961 2244 971 2261; x_wconf 81' lang='grc'><em>,</em></span> <span class='ocrx_word' id='word_1_238' title='bbox 987 2224 1075 2252; x_wconf 90' lang='lat' dir='ltr'>non</span> <span class='ocrx_word' id='word_1_239' title='bbox 1089 2206 1142 2252; x_wconf 87' lang='lat' dir='ltr'>ad</span> <span class='ocrx_word' id='word_1_240' title='bbox 1155 2207 1465 2270; x_wconf 82' lang='lat' dir='ltr'>impletionem.</span> 
     </span>
    </p>

    <p class='ocr_par' dir='ltr' id='par_1_3' title="bbox 101 2277 1476 2552">
     <span class='ocr_line' id='line_1_29' title="bbox 165 2277 1469 2338; baseline -0.005 -9"><span class='ocrx_word' id='word_1_241' title='bbox 165 2284 334 2330; x_wconf 80' lang='lat' dir='ltr'>XXlll.</span> <span class='ocrx_word' id='word_1_242' title='bbox 377 2280 492 2338; x_wconf 81' lang='lat' dir='ltr'>Quia</span> <span class='ocrx_word' id='word_1_243' title='bbox 531 2280 646 2325; x_wconf 91' lang='lat' dir='ltr'>enim</span> <span class='ocrx_word' id='word_1_244' title='bbox 681 2295 770 2323; x_wconf 90' lang='lat' dir='ltr'>non</span> <span class='ocrx_word' id='word_1_245' title='bbox 807 2277 1108 2338; x_wconf 83' lang='lat' dir='ltr'>intelligebant</span> <span class='ocrx_word' id='word_1_246' title='bbox 1142 2277 1435 2323; x_wconf 81' lang='lat' dir='ltr'>homicidium</span> <span class='ocrx_word' id='word_1_247' title='bbox 1458 2315 1469 2334; x_wconf 84' lang='lat'>‚</span> 
     </span>
     <span class='ocr_line' id='line_1_30' title="bbox 101 2347 1475 2417; baseline -0.006 -17"><span class='ocrx_word' id='word_1_248' title='bbox 101 2354 183 2400; x_wconf 89' lang='lat' dir='ltr'>nisi</span> <span class='ocrx_word' id='word_1_249' title='bbox 207 2352 552 2417; x_wconf 86' lang='lat' dir='ltr'>peremptionem</span> <span class='ocrx_word' id='word_1_250' title='bbox 576 2347 771 2412; x_wconf 86' lang='lat' dir='ltr'>corporis</span> <span class='ocrx_word' id='word_1_251' title='bbox 792 2347 974 2393; x_wconf 86' lang='lat' dir='ltr'>humani</span> <span class='ocrx_word' id='word_1_252' title='bbox 992 2385 1003 2403; x_wconf 86' lang='lat'>‚</span> <span class='ocrx_word' id='word_1_253' title='bbox 1023 2365 1102 2411; x_wconf 88' lang='lat' dir='ltr'>per</span> <span class='ocrx_word' id='word_1_254' title='bbox 1124 2364 1255 2410; x_wconf 87' lang='lat' dir='ltr'>quam</span> <span class='ocrx_word' id='word_1_255' title='bbox 1277 2350 1366 2393; x_wconf 79' lang='lat' dir='ltr'>vita</span> <span class='ocrx_word' id='word_1_256' title='bbox 1386 2347 1475 2410; x_wconf 86' lang='lat' dir='ltr'>pri·</span> 
     </span>
     <span class='ocr_line' id='line_1_31' title="bbox 101 2418 1474 2487; baseline -0.007 -15"><span class='ocrx_word' id='word_1_257' title='bbox 101 2436 304 2477; x_wconf 81' lang='lat' dir='ltr'>varetur3</span> <span class='ocrx_word' id='word_1_258' title='bbox 337 2422 506 2487; x_wconf 84' lang='lat' dir='ltr'>aperuit</span> <span class='ocrx_word' id='word_1_259' title='bbox 538 2420 751 2467; x_wconf 90' lang='lat' dir='ltr'>Dominus</span> <span class='ocrx_word' id='word_1_260' title='bbox 775 2436 948 2465; x_wconf 89' lang='lat' dir='ltr'>omnem</span> <span class='ocrx_word' id='word_1_261' title='bbox 981 2418 1180 2483; x_wconf 86' lang='lat' dir='ltr'>iniquum</span> <span class='ocrx_word' id='word_1_262' title='bbox 1216 2429 1381 2464; x_wconf 88' lang='lat' dir='ltr'>motum</span> <span class='ocrx_word' id='word_1_263' title='bbox 1419 2418 1474 2464; x_wconf 86' lang='lat' dir='ltr'>ad</span> 
     </span>
     <span class='ocr_line' id='line_1_32' title="bbox 103 2487 1476 2552; baseline -0.007 -9"><span class='ocrx_word' id='word_1_264' title='bbox 103 2494 348 2542; x_wconf 83' lang='lat' dir='ltr'>nocendum</span> <span class='ocrx_word' id='word_1_265' title='bbox 372 2492 495 2540; x_wconf 88' lang='lat' dir='ltr'>fratri</span> <span class='ocrx_word' id='word_1_266' title='bbox 516 2492 561 2538; x_wconf 90' lang='lat' dir='ltr'>in</span> <span class='ocrx_word' id='word_1_267' title='bbox 585 2488 815 2537; x_wconf 85' lang='lat' dir='ltr'>homicidii</span> <span class='ocrx_word' id='word_1_268' title='bbox 841 2506 992 2550; x_wconf 88' lang='lat' dir='ltr'>genere</span> <span class='ocrx_word' id='word_1_269' title='bbox 1014 2488 1215 2552; x_wconf 81' lang='lat' dir='ltr'>deputari</span> <span class='ocrx_word' id='word_1_270' title='bbox 1230 2487 1263 2535; x_wconf 44' lang='grc' dir='ltr'>Α.</span> <span class='ocrx_word' id='word_1_271' title='bbox 1291 2487 1416 2535; x_wconf 89' lang='lat' dir='ltr'>Unde</span> <span class='ocrx_word' id='word_1_272' title='bbox 1433 2499 1476 2534; x_wconf 85' lang='lat' dir='ltr'>et</span> 
     </span>
    </p>
   </div>
   <div class='ocr_carea' id='block_1_3' title="bbox 106 2583 1476 2680">
    <p class='ocr_par' dir='ltr' id='par_1_4' title="bbox 106 2583 1476 2680">
     <span class='ocr_line' id='line_1_33' title="bbox 153 2583 1476 2634; baseline -0.005 -8"><span class='ocrx_word' id='word_1_273' title='bbox 153 2594 163 2616; x_wconf 86' lang='lat'><strong>¹</strong></span> <span class='ocrx_word' id='word_1_274' title='bbox 183 2595 278 2626; x_wconf 87' lang='lat' dir='ltr'>Joau.</span> <span class='ocrx_word' id='word_1_275' title='bbox 298 2603 324 2632; x_wconf 88' lang='lat'>1,</span> <span class='ocrx_word' id='word_1_276' title='bbox 348 2603 380 2633; x_wconf 87' lang='lat'>9.</span> <span class='ocrx_word' id='word_1_277' title='bbox 394 2610 438 2617; x_wconf 93' lang='lat'><strong>—</strong></span> <span class='ocrx_word' id='word_1_278' title='bbox 455 2590 471 2615; x_wconf 80' lang='lat'>²</span> <span class='ocrx_word' id='word_1_279' title='bbox 487 2590 534 2624; x_wconf 80' lang='lat' dir='ltr'>td.</span> <span class='ocrx_word' id='word_1_280' title='bbox 554 2600 623 2630; x_wconf 70' lang='lat' dir='ltr'>xiv,</span> <span class='ocrx_word' id='word_1_281' title='bbox 641 2590 706 2634; x_wconf 79' lang='lat'>26;</span> <span class='ocrx_word' id='word_1_282' title='bbox 727 2600 792 2632; x_wconf 82' lang='lat' dir='ltr'>xvi,</span> <span class='ocrx_word' id='word_1_283' title='bbox 812 2600 844 2633; x_wconf 86' lang='lat'>7,</span> <span class='ocrx_word' id='word_1_284' title='bbox 863 2593 895 2622; x_wconf 83' lang='lat' dir='ltr'>et</span> <span class='ocrx_word' id='word_1_285' title='bbox 911 2591 983 2622; x_wconf 83' lang='lat' dir='ltr'>Act.</span> <span class='ocrx_word' id='word_1_286' title='bbox 1001 2599 1029 2620; x_wconf 80' lang='grc' dir='ltr'>ιι</span> <span class='ocrx_word' id='word_1_287' title='bbox 1044 2613 1054 2633; x_wconf 82' lang='lat'>,</span> <span class='ocrx_word' id='word_1_288' title='bbox 1075 2599 1106 2622; x_wconf 91' lang='lat'>2.</span> <span class='ocrx_word' id='word_1_289' title='bbox 1125 2604 1169 2612; x_wconf 89' lang='lat'>—</span> <span class='ocrx_word' id='word_1_290' title='bbox 1188 2583 1202 2609; x_wconf 84' lang='grc'><strong>3</strong></span> <span class='ocrx_word' id='word_1_291' title='bbox 1220 2584 1338 2622; x_wconf 80' lang='lat' dir='ltr'>Mauh,</span> <span class='ocrx_word' id='word_1_292' title='bbox 1367 2596 1397 2629; x_wconf 84' lang='lat' dir='ltr'>v,</span> <span class='ocrx_word' id='word_1_293' title='bbox 1421 2595 1476 2624; x_wconf 80' lang='lat'>17.</span> 
     </span>
     <span class='ocr_line' id='line_1_34' title="bbox 106 2644 356 2680; baseline -0.012 -3"><span class='ocrx_word' id='word_1_294' title='bbox 106 2664 151 2671; x_wconf 89' lang='lat'>—</span> <span class='ocrx_word' id='word_1_295' title='bbox 165 2644 280 2680; x_wconf 79' lang='lat' dir='ltr'>⁴1bid.</span> <span class='ocrx_word' id='word_1_296' title='bbox 301 2645 356 2678; x_wconf 77' lang='lat'>25.</span> 
     </span>
    </p>
   </div>
  </div>
 </body>
</html>
