1795 3253
121 289 297 321 CONTRA
331 288 630 321 FORTUNATUM
666 288 1163 321 MANICH.D1SPUTAT10
1200 289 1410 322 11.101

0 367 145 419 *quae
172 355 218 401 in
237 355 305 400 his
325 355 586 418 corporibus
604 355 820 411 habetur,
859 355 978 418 quod
1003 356 1056 401 de
1083 360 1172 416 ers
1195 357 1419 406 voluntate

1 439 4 483 ξ
45 425 232 480 venerit,
253 435 295 470 et
313 424 367 470 de
392 424 643 471 voluntate
632 425 766 489 ipsius
784 426 939 471 iterum
965 437 1257 474 assumatur.»

0 487 3 556 3

109 495 312 542 XXXIV.
356 497 471 542 AUG
508 496 652 540 dixit:
685 495 810 541 Unde
836 496 989 542 dixerit
1016 498 1228 542 Dominus
1245 508 1415 543 noster:

44 588 64 608 «
82 567 339 616 Potestatem
352 566 494 615 haheo
511 567 701 630 ponendi
721 567 911 613 animam
928 585 1084 624 meam,
1105 578 1145 613 et
1161 580 1419 631 potestatem

0 645 1 666 ³
45 660 65 681 >³
88 639 231 684 habeo
254 639 571 694 sumendieam,
597 638 800 683 omnibus
819 648 971 683 notum
990 649 1073 683 est:
1091 639 1192 701 quia
1212 656 1418 702 passurus

0 711 2 723 ⁸
43 719 150 765 erat,
170 720 211 754 et
226 720 555 755 resurrecturus.
580 709 671 768 Ego
694 719 838 753 autem
859 708 936 753 abs
954 719 995 753 te
1011 709 1167 753 iterum
1189 719 1317 772 atque
1333 710 1418 755 ite—

43 796 139 824 rum
158 796 332 842 quaero,
352 779 386 823 si
407 779 495 823 Deo
518 778 631 824 nihil
652 779 799 824 noceri
824 789 1021 842 poterat,
1052 796 1131 824 cur
1148 780 1237 824 huc
1255 780 1418 825 animas

42 848 188 894 misit?

108 921 243 965 Fon-r.
268 918 374 963 dixit
395 935 405 962 :
428 938 448 958 ε(
463 918 642 963 Naturae
659 918 888 963 contrariae
910 917 1091 963 modum
1114 919 1387 982 imponere.»

106 989 285 1035 XXXV.
328 990 442 1035 AUG.
475 988 582 1034 dixit
606 1006 615 1033 :
641 990 696 1033 Et
713 989 989 1051 omnipotens
1008 990 1122 1034 Deus
1139 1027 1149 1045 ,
1177 990 1418 1035 misericors

42 1070 84 1104 et
100 1060 298 1104 omnium
324 1076 516 1104 summus
531 1096 541 1115 ,
578 1070 625 1103 ut
647 1059 829 1104 niodum
855 1060 1097 1122 imponeret
1114 1071 1283 1106 naturae
1308 1077 1418 1105 con-

43 1131 209 1185 trariae,
235 1129 332 1175 ideo
351 1129 470 1174 illam
490 1129 760 1175 moderatam
785 1146 871 1175 esse
888 1130 1051 1187 voluit,
1080 1141 1129 1175 ut
1157 1148 1234 1176 nos
1257 1135 1418 1177 immo—

42 1199 209 1246 deratos
231 1200 445 1246 efficeret?

107 1272 242 1317 Four.
273 1270 380 1316 dixit
400 1287 412 1316 ε
435 1269 559 1315 «Sed
580 1270 677 1316 ideo
704 1269 756 1315 ad
783 1288 824 1316 se
847 1282 1034 1318 revocat.
1057 1293 1077 1313 >³

105 1341 309 1386 XXXVI.
351 1341 466 1386 AUG.
497 1339 606 1385 dixit
632 1357 643 1385 :
672 1340 717 1385 Si
749 1340 804 1385 ad
831 1358 873 1385 se
903 1352 1078 1387 revocat
1101 1342 1156 1387 ab
1201 1342 1416 1389 immode—

40 1409 221 1465 ratione,
243 1411 277 1455 si
301 1427 323 1455 a
345 1420 544 1473 peccato,
570 1411 624 1455 ab
642 1426 800 1465 errore,
819 1427 841 1454 a
859 1410 1025 1457 miseria
1043 1432 1053 1464 ς
1078 1412 1184 1475 quid
1203 1429 1311 1476 opus
1327 1424 1417 1459 erat

40 1490 158 1525 tanta
184 1479 298 1525 mala
319 1481 506 1525 animam
524 1480 617 1542 pati
640 1497 719 1542 per
734 1490 901 1524 tantum
927 1491 1116 1544 tempus,
1137 1482 1274 1528 donec
1291 1499 1417 1528 mun-

1 1611 4 1614 *
41 1549 121 1595 dus
144 1550 345 1606 finiatur,
369 1567 471 1595 cum
491 1551 582 1595 Deo
601 1587 612 1606 ,
637 1568 659 1595 a
676 1567 765 1613 quo
793 1550 922 1595 etiam
944 1550 1089 1596 dicitis
1106 1552 1276 1598 missam
1293 1590 1303 1609 ,
1330 1570 1414 1598 no-

40 1620 126 1665 ceri
155 1620 267 1665 nihil
289 1620 451 1682 possit?

103 1691 236 1736 FonT.
265 1689 371 1735 dixit
396 1707 407 1734 :
429 1689 582 1745 «Quid
612 1705 712 1748 ergo
736 1689 932 1734 dicturus
956 1693 1080 1736 sum?
1101 1712 1122 1732 ›>

102 1760 332 1805 XXXVII.
374 1760 488 1805 Aca.
517 1758 624 1803 dixit
642 1775 652 1802 :
676 1759 731 1803 Et
750 1775 827 1817 ego
847 1759 949 1803 novi
965 1776 1053 1804 non
1070 1770 1110 1804 te
1128 1760 1289 1807 habere
1307 1762 1416 1825 quid

39 1829 157 1875 dicas
175 1867 186 1886 ,
203 1839 244 1874 et
257 1846 325 1874 me
345 1845 447 1874 cum
460 1846 535 1874 vos
554 1828 747 1874 audirem
771 1829 816 1873 in
837 1829 921 1874 hac
935 1831 1173 1892 quaestione
1187 1849 1414 1895 nunquam

37 1898 245 1945 invenisse
270 1898 389 1961 quod
410 1898 624 1951 dicerem3
662 1909 704 1943 et
733 1898 832 1943 inde
855 1898 983 1944 fuisse
1005 1900 1275 1947 admonitum
1299 1903 1415 1950 divi-

37 1969 153 2015 nitus
170 2006 182 2025 ,
205 1969 394 2014 utillum
419 1985 606 2014 errorem
629 1967 932 2030 relinquerem,
961 1980 1002 2014 et
1024 1969 1078 2014 ad
1101 1971 1233 2015 fidem
1259 1973 1411 2018 catho-

37 2038 168 2085 licam
187 2056 256 2084 me
279 2049 574 2084 converterem
597 2075 608 2093 ,
630 2038 699 2082 vel
723 2038 868 2100 potius
890 2055 1133 2084 revocarem
1150 2077 1160 2096 ,
1188 2041 1321 2103 ipsius
1342 2043 1414 2088 in-

39 2109 289 2169 dulgentia,
317 2108 393 2172 qui
417 2125 484 2153 me
511 2108 618 2153 huic
649 2107 834 2153 fallaciae
871 2125 1038 2171 semper
1076 2109 1288 2156 inhaerere
1325 2130 1415 2158 non

38 2179 152 2226 sivit.
191 2178 277 2224 Sed
302 2179 336 2223 si
358 2178 576 2223 confiteris
599 2187 640 2222 te
668 2195 757 2223 non
785 2178 947 2223 habere
968 2179 1087 2242 quod
1116 2182 1375 2244 respondeas
1400 2201 1411 2228 ε

39 2250 243 2295 omnibus
263 2248 539 2294 audientibus
564 2259 605 2292 et
626 2249 1034 2308 recognoscentibus
1051 2287 1062 2305 ,
1088 2251 1294 2313 quoniam
1312 2252 1418 2299 fide-

38 2320 98 2365 les
115 2329 242 2376 sunt,
269 2318 532 2364 catholicam
556 2317 686 2363 fidem
703 2355 714 2374 ‚
740 2318 774 2363 si
792 2318 1053 2381 permittunt
1075 2330 1117 2365 et
1140 2320 1315 2379 volunt,
1341 2340 1416 2368 ex-

37 2406 216 2452 ponam.

105 2461 240 2505 FORT.
268 2458 375 2504 dixit
402 2476 413 2503 :
441 2458 576 2516 «Sine
599 2458 859 2521 praejudicio
881 2458 1155 2522 professionis
1171 2477 1278 2505 meae
1295 2460 1417 2506 dixe-

39 2529 124 2576 rim
151 2528 258 2575 :illa
291 2545 391 2592 quae
417 2546 441 2574 a
470 2538 511 2573 te
535 2539 822 2592 opponuntur
854 2546 955 2575 cum
990 2539 1278 2575 retractavero
1311 2530 1417 2576 meis

38 2616 140 2646 cum
156 2599 396 2660 majoribus
406 2635 418 2657 ‚
441 2597 476 2645 si
489 2598 632 2646 minus
647 2599 952 2664 responderint
963 2599 1293 2662 interrogationi
1312 2599 1418 2646 huic
