1795 3253
334 287 426 341 410
754 300 790 329 s.
832 299 1078 330 mensum
1115 297 1315 333 EPlsCOPl

333 366 404 411 sed
436 366 479 411 in
502 364 690 410 novitate
728 365 904 428 spiritus
942 365 1033 410 Deo
1070 363 1272 420 serviens,
1309 381 1398 411 non
1434 376 1496 411 est
1512 368 1604 426 jam
1626 365 1708 412 sub

330 434 437 494 lege.
465 434 538 480 sed
561 436 643 480 sub
667 436 802 495 gratia
820 434 852 481 1.
876 435 1025 494 Neque
1043 434 1157 479 enim
1181 433 1364 493 litigiosa
1387 446 1609 490 caecatum
1635 434 1709 482 sed

333 505 649 551 initisintendit
672 506 815 552 verbis
843 505 1058 569 Apostoli,
1090 515 1137 550 ut
1158 505 1368 565 intelligat
1387 506 1495 569 quid
1520 505 1710 571 appellet

330 575 489 635 legem,
510 576 591 621 sub
613 593 699 639 qua
718 593 792 621 nos
812 580 903 637 jam
922 593 1008 621 non
1022 574 1115 620 vult
1133 591 1219 620 esse
1237 576 1273 631 ’3,
1289 577 1393 639 quia
1410 576 1706 637 transgressio·

332 647 397 692 nis
419 649 555 707 gratia
580 648 719 710 posita
739 658 818 704 est,
848 647 986 693 donec
1006 647 1171 692 veniret
1193 664 1335 693 semen
1360 649 1430 694 cui
1447 648 1708 712 promissum

330 729 415 762 est:
443 740 461 759 «
483 719 535 763 Et
549 719 650 782 quia
665 718 760 764 ideo
781 719 1060 771 subintraxit,
1079 728 1126 762 ut
1141 718 1386 764 abundaret
1406 719 1614 766 delictum
1632 718 1709 764 ubi

331 811 350 828 »
367 799 509 833 autem
533 789 776 835 abundavit
811 789 1038 842 delictum,
1070 789 1446 851 superabundavit
1470 790 1607 850 gratia
1630 789 1663 836 ³.
1688 811 1709 830 »

330 859 420 904 Nee
442 858 536 904 ideo
556 869 699 904 tamen
713 859 908 905 eamdem
922 859 1057 919 legem
1074 869 1305 921 peccatum
1328 871 1475 917 vocat,
1499 861 1602 924 quia
1619 860 1708 906 sine

328 929 463 989 gratia
480 947 568 975 non
591 930 807 983 vivifican
837 941 960 989 auget
994 930 1107 975 enim
1131 930 1278 993 potius
1298 942 1465 977 reatum
1489 929 1708 995 praevari-

334 1000 501 1046 catione
524 1001 692 1046 addita:
739 1001 860 1047 «L‘bi
879 1000 994 1045 enini
1021 1000 1086 1045 lex
1107 1011 1299 1056 nonest,
1333 1019 1412 1047 nec
1438 1001 1709 1066 praevarica-

333 1090 353 1110 »
381 1070 440 1115 tio
460 1070 502 1123 43
526 1093 545 1112 υ
570 1083 613 1117 et
635 1072 732 1118 ideo
756 1090 832 1136 per
855 1088 897 1117 se
918 1072 1082 1134 ipsam,
1110 1088 1210 1117 cum
1235 1072 1324 1118 sola
1348 1072 1492 1119 littera
1523 1082 1584 1119 cst
1619 1072 1709 1117 sine

330 1141 504 1203 spiritu,
533 1142 579 1188 id
599 1154 683 1197 est,
713 1144 778 1190 lex
809 1145 898 1189 sine
923 1144 1079 1203 gratia,
1124 1144 1432 1193 tantummodo
1453 1162 1545 1191 reos
1566 1143 1673 1190 facit
1694 1160 1704 1187 ε

327 1211 399 1256 sed
414 1215 622 1275 proponit
638 1214 721 1259 sibi
735 1214 855 1277 quod
874 1225 1027 1276 putare
1052 1214 1195 1259 minus
1210 1214 1496 1275 intelligentes
1515 1223 1705 1278 possent,

325 1292 367 1326 et
391 1283 650 1346 aperitquid
675 1283 811 1339 dicat,
839 1300 940 1329 cum
960 1286 1019 1329 ait
1042 1301 1051 1328 :
1080 1306 1101 1325 «
1123 1284 1242 1341 Quid
1260 1302 1361 1344 ergo
1386 1284 1609 1331 dicemus?
1626 1284 1710 1329 Lex

327 1372 349 1394 »
371 1358 700 1416 peccatumcst?
717 1356 841 1401 Absit
861 1373 871 1400 z
893 1355 966 1401 sed
982 1366 1211 1418 peccatum
1237 1373 1323 1401 non
1342 1356 1525 1416 cognovi
1542 1355 1621 1401 nisi
1632 1372 1710 1418 per

324 1443 346 1465 >)
377 1423 528 1483 legem.
580 1426 691 1471 Nam
720 1426 1120 1489 concupiscentiam
1146 1426 1411 1482 nesciebam,
1440 1427 1520 1472 nisi
1541 1425 1606 1471 lex
1644 1425 1710 1470 di-

326 1515 349 1537 »
369 1506 507 1541 ceret:
530 1498 628 1543 Non
645 1497 940 1560 concupisces.
968 1497 1209 1543 Occasione
1225 1498 1372 1561 itaque
1386 1507 1582 1561 accepta,
1603 1513 1710 1560 pec—

327 1587 350 1609 »
384 1577 530 1613 calum
551 1586 630 1631 per
666 1569 922 1614 mandatum
944 1568 1095 1614 fefellit
1121 1586 1211 1622 me,
1242 1579 1284 1614 et
1310 1568 1501 1632 perillud
1525 1566 1701 1613 occidit.

327 1658 348 1679 »
372 1638 526 1701 ltaque
540 1638 602 1684 lex
615 1638 795 1702 quidem
813 1649 979 1695 sancta,
1007 1650 1048 1685 et
1070 1638 1327 1685 mandatum
1343 1649 1543 1685 sanctum
1555 1649 1598 1684 et
1613 1641 1710 1698 jus-

323 1728 346 1751 »
370 1718 462 1754 tum
491 1720 532 1754 et
553 1710 737 1757 bonum.
763 1710 895 1767 Quod
912 1727 1012 1770 ergo
1030 1711 1200 1756 bonum
1228 1720 1307 1765 est,
1336 1710 1502 1756 factum
1520 1720 1582 1755 est
1600 1708 1710 1754 mihi

324 1799 347 1821 »
372 1784 516 1826 mors?
560 1781 718 1826 Absit:
754 1782 827 1827 sed
857 1792 1089 1844 peccatum
1121 1792 1168 1827 ut
1201 1791 1410 1844 appareat
1444 1790 1705 1844 peccatum,

321 1870 344 1891 »
366 1867 445 1912 per
479 1850 649 1896 bonum
690 1851 799 1897 mihi
820 1862 1051 1915 operatum
1082 1863 1145 1897 est
1178 1851 1407 1898 mortem5,
1430 1872 1450 1892 »
1467 1851 1576 1897 Haee
1601 1851 1705 1906 ista,

323 1919 396 1965 cui
414 1931 461 1965 tu
475 1920 673 1977 insultas,
693 1921 922 1982 intelligit3
943 1922 1045 1986 quia
1061 1939 1232 1981 gemens
1250 1922 1387 1984 petit,
1411 1922 1513 1985 quia
1531 1920 1710 1967 humilis

327 1992 502 2054 quaerit,
526 1992 627 2054 quia
646 1993 762 2038 mitis
783 1992 930 2056 pulsat
951 2011 961 2038 :
989 2004 1031 2039 et
1049 1993 1109 2038 sic
1128 1992 1338 2038 videtnon
1361 1990 1623 2056 reprehendi
1644 1990 1710 2036 le-

327 2077 421 2121 gem
435 2099 446 2117 ‚
465 2079 567 2108 cum
584 2062 746 2109 dicitur
769 2081 780 2108 :
804 2086 824 2105 «
842 2063 1006 2109 Littera
1020 2062 1199 2119 occidit,
1232 2063 1410 2127 spiritus
1434 2073 1578 2108 autem
1594 2061 1709 2107 vivi-

329 2154 350 2173 »
371 2133 473 2178 sicat
490 2133 507 2160 ⁰
532 2151 542 2178 ι
566 2134 710 2179 »sicut
730 2151 816 2180 non
837 2133 1172 2198 reprehenditur
1188 2134 1384 2190 scientia,
1402 2150 1504 2179 cum
1519 2132 1704 2179 dicitur:

330 2224 351 2245 «
378 2203 567 2249 Scientia
592 2204 738 2259 inflat,
773 2205 962 2252 charitas
1004 2222 1104 2252 vero
1128 2204 1332 2251 aedificat.
1358 2226 1380 2247 »
1407 2205 1519 2249 Nam
1558 2203 1710 2266 utique

324 2264 416 2336 iPSQ
430 2272 593 2319 dixerat
610 2292 620 2318 :
645 2296 665 2315 «
683 2275 852 2321 Scimus
871 2277 974 2340 quia
993 2292 1141 2321 omnes
1154 2274 1602 2321 scientiamhahemus
1622 2272 1639 2301 ⁷
1657 2291 1668 2318 :
1687 2294 1708 2316 »

324 2354 366 2389 et
386 2355 491 2390 tunc
507 2344 705 2405 adjungit
728 2364 738 2390 :
771 2347 997 2393 «Scientia
1026 2347 1177 2403 inflat,
1215 2345 1407 2393 charitas
1432 2361 1534 2391 vero
1562 2343 1708 2390 aedifi-

324 2436 345 2457 »
369 2427 454 2464 cat.
479 2438 499 2457 >›
524 2418 582 2462 Ut
605 2416 712 2480 quid
747 2435 845 2478 ergo
872 2419 1069 2465 habebat
1099 2419 1191 2482 ipse
1219 2434 1308 2482 quo
1346 2417 1593 2472 inflaretur,
1626 2415 1709 2460 nisi

319 2487 423 2551 quia
441 2504 543 2534 cum
567 2488 778 2536 charitate
811 2507 899 2538 non
933 2490 1075 2538 solum
1099 2507 1188 2537 non
1217 2490 1345 2536 inflat
1383 2488 1564 2536 scientia
1581 2524 1594 2545 ,
1631 2486 1707 2533 sed

371 2585 381 2608 ¹
402 2589 495 2619 Rom.
521 2598 579 2625 vu,
597 2589 630 2619 6.
647 2605 693 2612 ——
707 2586 723 2610 ²
740 2589 849 2621 Galat.
872 2601 931 2628 111,
954 2601 1005 2631 19.
1025 2608 1070 2615 —
1087 2587 1101 2612 ³
1118 2593 1216 2622 Rom.
1236 2600 1266 2628 v,
1288 2601 1343 2623 20.
1367 2606 1413 2614 —
1429 2586 1444 2612 ⁴
1462 2587 1514 2620 Id·
1531 2597 1576 2627 1v,
1596 2586 1708 2619 15·-

322 2638 399 2672 ⁵1d.
413 2651 471 2684 vu,
489 2652 556 2683 7-9.
575 2660 619 2667 —
637 2640 652 2665 θ
669 2653 687 2674 a
704 2644 780 2676 Cor.
801 2645 899 2683 m,6.
920 2660 965 2669 —·
983 2642 997 2666 ⁷
1017 2656 1028 2676 1
1052 2645 1130 2680 Cor.
1150 2654 1228 2686 vm,
1251 2655 1282 2679 1.
