1795 3253
240 258 414 290 CONTRA
449 258 653 289 FAUSTUM
687 255 989 298 MANICHAEIJM,
1029 258 1116 289 LIB.
1157 260 1240 291 xil.
1348 247 1432 293 321

71 344 92 366 >³
115 340 192 383 ego
215 334 356 368 autem
378 323 477 369 dico
502 323 548 369 in
569 322 744 368 Christo
762 333 802 367 et
826 322 869 367 in
900 323 1134 372 Ecclesia‘l.
1159 347 1180 367 »
1203 327 1312 383 Quis
1327 331 1441 375 enim

70 412 159 440 non
183 405 384 454 agnoscat
408 394 635 439 Christum
655 411 703 439 eo
736 393 867 439 modo
897 393 1116 457 reliquisse
1141 397 1313 444 Patrem
1333 437 1342 455 ,
1367 402 1443 464 qui

72 482 172 511 cum
195 466 241 510 in
259 464 399 510 forma
422 465 503 511 Dei
525 476 652 521 esset,
679 482 768 510 non
791 464 990 527 rapinam
1016 466 1248 512 arbitratus
1272 480 1332 514 ost
1359 488 1445 515 esse

73 534 251 598 aequalis
268 536 358 581 Deo
375 572 386 592 ,
423 535 495 580 sed
520 536 793 599 semetipsum
825 536 1084 592 exinanivit,
1111 537 1291 583 formam
1336 541 1444 586 servi

74 605 338 669 accipiens23
356 606 576 670 reliquisse
587 607 710 652 etiam
725 616 905 651 matrem
919 624 1178 670 synagogam
1187 610 1213 653 J
1219 609 1446 657 udaeorum

74 675 217 722 Veteri
243 678 517 722 Testamento
541 676 769 723 carnaliter
794 676 1083 723 inhaerentem
1102 715 1114 734 ‚
1153 689 1194 724 et
1218 679 1448 727 adhaesisse

76 747 197 793 uxori
221 765 312 794 suae
335 759 496 794 sanctae
517 748 747 805 Ecclesiae,
775 749 885 794 utin
905 766 1012 812 pace
1040 750 1153 795 Novi
1186 752 1450 800 Testamenti

77 829 213 864 essent
231 819 319 865 duo
343 819 389 865 in
414 837 543 865 carne
567 822 686 866 una?
713 819 827 876 Quia
855 836 957 865 cum
982 819 1036 864 sit
1062 820 1176 865 Deus
1209 822 1329 885 apud
1360 824 1450 869 Pa-

78 898 210 948 trem,
237 907 317 954 per
338 907 468 954 quem
492 890 596 936 facti
618 905 765 936 sumus
782 928 791 946 ,
815 889 954 936 factus
973 901 1035 935 est
1051 907 1130 953 per
1150 908 1323 937 carnem
1344 911 1452 956 par-

79 961 216 1025 ticeps
239 962 404 1019 nostri,
432 972 481 1007 ut
507 962 623 1008 illius
653 962 808 1025 capitis
835 979 993 1025 corpus
1018 979 1104 1007 esse
1131 980 1366 1026 possemus.

144 1033 222 1081 IX.
265 1033 390 1079 Sicut
414 1035 524 1080 Cain
553 1033 815 1079 sacrificium
839 1051 886 1079 ex
910 1044 1036 1079 terrae
1060 1032 1280 1081 fructibus
1299 1053 1454 1099 repro-

78 1105 226 1159 batur,
257 1105 369 1151 Abel
389 1116 532 1151 autem
553 1105 816 1150 sacrificium
837 1122 883 1150 ex
902 1104 1059 1150 ovibus
1083 1115 1124 1151 et
1153 1123 1300 1152 earum
1325 1107 1454 1172 adipe

78 1175 313 1239 suscipitur
327 1175 370 1229 33
392 1175 453 1220 ita
472 1176 585 1222 Novi
612 1176 877 1221 Testamenti
896 1175 1002 1221 fides
1019 1193 1066 1221 ex
1087 1176 1335 1223 innocentia
1353 1197 1456 1238 gra-

79 1247 150 1292 tiae
180 1248 319 1293 Deum
343 1246 524 1292 laudans
541 1284 551 1302 ,
583 1246 746 1292 Veteris
768 1247 1033 1292 Testamenti
1050 1248 1228 1293 terrenis
1249 1250 1456 1312 operibus

78 1318 358 1382 anteponitur
379 1318 509 1380 :quia
535 1318 613 1363 etsi
642 1328 738 1363 ante
754 1317 895 1363 Judaei
920 1329 1036 1363 recte
1059 1318 1133 1364 illa
1158 1318 1383 1375 fecerunt3
1410 1321 1457 1366 in

77 1405 126 1433 eo
145 1398 288 1433 tamen
310 1387 577 1433 infidelitatis
599 1388 658 1433 rei
678 1397 801 1443 sunt,
823 1388 926 1451 quia
953 1387 1130 1433 Christo
1151 1389 1349 1435 veniente
1363 1394 1458 1449 jam

76 1469 248 1522 tempus
282 1458 395 1504 Novi
427 1458 691 1504 Testamenti
727 1476 749 1503 a
783 1468 974 1521 tempore
1000 1459 1163 1505 Veteris
1195 1461 1457 1507 Testamenti

75 1545 165 1575 non
187 1528 488 1574 distinxerunt.
527 1528 642 1573 Dixit
669 1529 783 1573 enim
816 1529 928 1573 Deus
950 1528 1003 1573 ad
1038 1529 1147 1575 Cain
1184 1548 1193 1574 :
1228 1532 1309 1576 «Si
1339 1543 1455 1577 reete

76 1621 97 1642 »
121 1602 295 1655 offeras,
328 1610 444 1645 recte
468 1609 609 1644 autem
635 1616 722 1644 non
745 1598 912 1645 dividas
931 1637 941 1655 ,
968 1601 1206 1663 peccasti&
1236 1625 1256 1644 ›>
1294 1604 1384 1658 Qui
1417 1604 1452 1649 si

76 1671 414 1734 obtemperasset
441 1671 531 1715 Deo
555 1669 717 1714 dicenti
749 1688 759 1714 :
795 1670 1038 1727 «Quiesce,
1075 1671 1129 1717 ad
1151 1682 1191 1717 te
1211 1673 1327 1718 euim
1353 1691 1455 1719 con—

75 1764 96 1785 »
116 1743 253 1789 versio
269 1746 305 1802 ej
314 1759 359 1788 us
373 1779 384 1798 ,
411 1752 453 1787 et
467 1753 514 1787 tu
529 1741 824 1786 dominaberis
841 1741 955 1787 illius
971 1762 1014 1796 3²>
1032 1742 1086 1788 ad
1112 1761 1153 1788 se
1176 1746 1455 1791 convertisset

74 1824 307 1877 peccatum
318 1830 463 1868 suum,
482 1811 663 1857 sibihoc
675 1812 890 1866 tribuens„
909 1822 949 1856 et
961 1814 1170 1858 confitens
1193 1814 1283 1859 Deo
1301 1832 1311 1859 :
1328 1832 1376 1860 ac
1394 1816 1454 1860 sic

76 1884 251 1945 adjutus
273 1882 556 1943 indulgentiae
583 1882 743 1942 gratia,
782 1882 875 1945 ipse
899 1893 1082 1945 peccato
1107 1901 1183 1929 suo
1211 1883 1454 1931 dominare-

74 1967 175 2010 tur3
203 1972 291 2001 non
312 1954 386 2000 illo
405 1954 489 1999 sibi
514 1952 766 1998 dominante
791 1970 936 1998 servus
957 1955 1127 2016 peccati
1142 1992 1152 2011 ,
1176 1954 1351 2001 fratrem
1373 1973 1453 2002 oc·-

73 2026 236 2074 cideret
254 2027 543 2073 innocentem.
565 2024 637 2070 Sic
662 2034 703 2070 et
726 2025 751 2069 J
758 2024 894 2078 udaei‚
917 2024 963 2069 in
982 2042 1172 2087 quorum
1193 2026 1291 2072 haec
1313 2028 1452 2087 figura

73 2099 351 2161 gerebantur,
374 2097 409 2142 si
428 2095 695 2159 quiescerent
711 2113 733 2140 a
747 2112 823 2140 sua
843 2096 1174 2158 perturbatione
1187 2134 1197 2153 ,
1221 2108 1262 2142 et
1279 2108 1452 2162 tempus

73 2171 222 2218 salutis
256 2186 336 2234 per
361 2167 544 2229 gratiam
568 2166 613 2212 in
639 2177 922 2230 peccatorum
958 2168 1252 2213 remissionem
1294 2187 1450 2230 agnos-

73 2254 238 2300 centes,
267 2240 468 2287 audirent
494 2238 722 2284 Christum
758 2238 974 2284 dicentem
1012 2257 1022 2284 :
1064 2260 1084 2280 ‹<
1106 2239 1203 2285 {Non
1241 2251 1303 2285 est
1339 2258 1450 2305 opus

71 2336 94 2357 »
115 2313 226 2361 sanis
250 2312 461 2365 medicus,
479 2308 554 2355 sed
573 2308 682 2353 male
707 2308 974 2354 habentibus
990 2309 1006 2337 5
1026 2327 1036 2354 ε
1063 2327 1151 2355 non
1172 2311 1271 2356 veni
1290 2328 1446 2357 vocare

72 2408 94 2429 >)
115 2389 252 2446 justos
267 2422 278 2440 ,
303 2382 375 2429 sed
396 2391 643 2446 peccatores
660 2380 705 2425 in
719 2381 1053 2443 poenitentiam6
1077 2399 1087 2427 z
1114 2404 1133 2425 n
1153 2393 1195 2428 et
1218 2419 1229 2438 ,
1255 2383 1448 2428 «Omnis

70 2480 92 2502 >³
116 2457 195 2522 qui
212 2455 317 2502 facit
335 2463 589 2518 peccatum,
617 2468 762 2498 servus
791 2462 854 2497 est
871 2451 1072 2515 peccati⁷
1097 2470 1106 2498 :
1127 2473 1147 2493 ›>
1170 2463 1212 2498 et
1231 2490 1243 2510 ,
1265 2474 1285 2494 c<
1301 2452 1347 2498 Si
1371 2469 1448 2498 vos

118 2547 130 2570 ¹
151 2545 268 2590 Ephes.
286 2556 319 2588 v,
346 2545 401 2582 31,
420 2544 474 2574 32.
499 2559 545 2565 —
569 2540 585 2563 ²
615 2540 731 2583 Philip.
760 2553 797 2579 ιι,
825 2542 860 2576 6,
881 2559 926 2566 -
948 2539 963 2564 3
982 2545 1067 2578 Gen,
1086 2554 1130 2576 η,
1148 2560 1194 2567 .-
1215 2539 1231 2565 4
1255 2542 1341 2575 1bid,
1361 2555 1390 2583 7,
1405 2559 1451 2566 ..-

70 2600 85 2624 ⁵
103 2600 223 2635 Matth.
237 2610 284 2638 xx,
305 2609 413 2631 12.—
428 2594 444 2620 6
459 2599 534 2629 Luc.
554 2607 589 2640 v,
611 2597 665 2628 32.
678 2612 723 2619 —
738 2593 753 2616 ⁷
765 2597 862 2630 Joan.
875 2606 951 2636 vm,
967 2599 1023 2633 34.

199 2668 347 2700 CXXXV.
1229 2664 1254 2694 2
1267 2664 1282 2694 1
