<?xml version="1.0" encoding="UTF-8"?>
<!DOCTYPE html PUBLIC "-//W3C//DTD XHTML 1.0 Transitional//EN"
    "http://www.w3.org/TR/xhtml1/DTD/xhtml1-transitional.dtd">
<html xmlns="http://www.w3.org/1999/xhtml" xml:lang="en" lang="en">
 <head>
  <title>
</title>
<meta http-equiv="Content-Type" content="text/html;charset=utf-8" />
  <meta name='ocr-system' content='tesseract 3.04.00' />
  <meta name='ocr-capabilities' content='ocr_page ocr_carea ocr_par ocr_line ocrx_word'/>
</head>
<body>
  <div class='ocr_page' id='page_1' title='image "./operaomniaaccura28auguuoft/operaomniaaccura28auguuoft_0166.png"; bbox 0 0 1795 3253; ppageno 0'>
   <div class='ocr_carea' id='block_1_1' title="bbox 332 286 1303 332">
    <p class='ocr_par' dir='ltr' id='par_1_1' title="bbox 332 286 1303 332">
     <span class='ocr_line' id='line_1_1' title="bbox 332 286 1303 332; baseline 0.001 -2"><span class='ocrx_word' id='word_1_1' title='bbox 332 286 415 331; x_wconf 69' lang='lat'>150</span> <span class='ocrx_word' id='word_1_2' title='bbox 743 301 776 330; x_wconf 93' lang='grc'>5.</span> <span class='ocrx_word' id='word_1_3' title='bbox 823 300 1063 331; x_wconf 59' lang='lat' dir='ltr'>avorsum</span> <span class='ocrx_word' id='word_1_4' title='bbox 1101 301 1303 332; x_wconf 81' lang='lat' dir='ltr'>1-:r1scor1</span> 
     </span>
    </p>
   </div>
   <div class='ocr_carea' id='block_1_2' title="bbox 302 366 1703 2630">
    <p class='ocr_par' dir='ltr' id='par_1_2' title="bbox 302 366 1703 2559">
     <span class='ocr_line' id='line_1_2' title="bbox 324 366 1701 419; baseline 0.005 -8"><span class='ocrx_word' id='word_1_5' title='bbox 324 366 430 411; x_wconf 87' lang='lat' dir='ltr'>nalis</span> <span class='ocrx_word' id='word_1_6' title='bbox 450 403 459 413; x_wconf 88' lang='lat'>.</span> <span class='ocrx_word' id='word_1_7' title='bbox 486 377 628 411; x_wconf 87' lang='lat' dir='ltr'>tamen</span> <span class='ocrx_word' id='word_1_8' title='bbox 649 381 784 411; x_wconf 89' lang='lat' dir='ltr'>unum</span> <span class='ocrx_word' id='word_1_9' title='bbox 806 366 944 412; x_wconf 90' lang='lat' dir='ltr'>Deum</span> <span class='ocrx_word' id='word_1_10' title='bbox 968 366 1145 411; x_wconf 73' lang='lat' dir='ltr'>colentis</span> <span class='ocrx_word' id='word_1_11' title='bbox 1163 403 1173 414; x_wconf 82' lang='lat'>.</span> <span class='ocrx_word' id='word_1_12' title='bbox 1197 378 1245 412; x_wconf 87' lang='lat' dir='ltr'>ut</span> <span class='ocrx_word' id='word_1_13' title='bbox 1264 368 1320 412; x_wconf 85' lang='lat' dir='ltr'>ab</span> <span class='ocrx_word' id='word_1_14' title='bbox 1345 386 1392 414; x_wconf 85' lang='lat' dir='ltr'>eo</span> <span class='ocrx_word' id='word_1_15' title='bbox 1412 369 1701 419; x_wconf 82' lang='lat' dir='ltr'>interficeren-</span> 
     </span>
     <span class='ocr_line' id='line_1_3' title="bbox 324 438 1698 505; baseline 0.006 -24"><span class='ocrx_word' id='word_1_16' title='bbox 324 448 422 482; x_wconf 86' lang='lat' dir='ltr'>tur:</span> <span class='ocrx_word' id='word_1_17' title='bbox 452 455 552 482; x_wconf 83' lang='lat' dir='ltr'>eum</span> <span class='ocrx_word' id='word_1_18' title='bbox 576 438 619 482; x_wconf 89' lang='lat' dir='ltr'>in</span> <span class='ocrx_word' id='word_1_19' title='bbox 648 454 698 483; x_wconf 87' lang='lat' dir='ltr'>eo</span> <span class='ocrx_word' id='word_1_20' title='bbox 736 447 878 482; x_wconf 79' lang='lat' dir='ltr'>tamen</span> <span class='ocrx_word' id='word_1_21' title='bbox 915 438 1079 501; x_wconf 85' lang='lat' dir='ltr'>populo</span> <span class='ocrx_word' id='word_1_22' title='bbox 1120 438 1151 482; x_wconf 72' lang='lat' dir='ltr'>si</span> <span class='ocrx_word' id='word_1_23' title='bbox 1193 440 1267 500; x_wconf 89' lang='lat' dir='ltr'>qui</span> <span class='ocrx_word' id='word_1_24' title='bbox 1300 451 1435 485; x_wconf 78' lang='lat' dir='ltr'>essent</span> <span class='ocrx_word' id='word_1_25' title='bbox 1460 442 1698 505; x_wconf 81' lang='lat' dir='ltr'>spiritales,</span> 
     </span>
     <span class='ocr_line' id='line_1_4' title="bbox 321 507 1703 572; baseline 0.004 -19"><span class='ocrx_word' id='word_1_26' title='bbox 321 508 408 553; x_wconf 85' lang='lat' dir='ltr'>sine</span> <span class='ocrx_word' id='word_1_27' title='bbox 446 507 629 568; x_wconf 81' lang='lat' dir='ltr'>alicujus</span> <span class='ocrx_word' id='word_1_28' title='bbox 667 508 768 553; x_wconf 90' lang='lat' dir='ltr'>odio</span> <span class='ocrx_word' id='word_1_29' title='bbox 804 508 1089 567; x_wconf 65' lang='lat' dir='ltr'>intelligerent</span> <span class='ocrx_word' id='word_1_30' title='bbox 1125 509 1492 572; x_wconf 67' lang='lat' dir='ltr'>dispensationem</span> <span class='ocrx_word' id='word_1_31' title='bbox 1531 514 1634 567; x_wconf 84' lang='lat' dir='ltr'>Dei3</span> <span class='ocrx_word' id='word_1_32' title='bbox 1662 526 1703 560; x_wconf 85' lang='lat' dir='ltr'>et</span> 
     </span>
     <span class='ocr_line' id='line_1_5' title="bbox 320 578 1700 642; baseline 0.006 -19"><span class='ocrx_word' id='word_1_33' title='bbox 320 578 540 641; x_wconf 88' lang='lat' dir='ltr'>quomodo</span> <span class='ocrx_word' id='word_1_34' title='bbox 577 596 662 624; x_wconf 88' lang='lat' dir='ltr'>non</span> <span class='ocrx_word' id='word_1_35' title='bbox 695 579 747 623; x_wconf 82' lang='lat' dir='ltr'>sit</span> <span class='ocrx_word' id='word_1_36' title='bbox 773 580 1040 624; x_wconf 87' lang='lat' dir='ltr'>contrarium</span> <span class='ocrx_word' id='word_1_37' title='bbox 1080 579 1198 642; x_wconf 87' lang='lat' dir='ltr'>qnod</span> <span class='ocrx_word' id='word_1_38' title='bbox 1238 581 1451 627; x_wconf 83' lang='lat' dir='ltr'>Dominus</span> <span class='ocrx_word' id='word_1_39' title='bbox 1492 584 1617 629; x_wconf 85' lang='lat' dir='ltr'>nobis</span> <span class='ocrx_word' id='word_1_40' title='bbox 1656 585 1700 631; x_wconf 88' lang='lat' dir='ltr'>in</span> 
     </span>
     <span class='ocr_line' id='line_1_6' title="bbox 320 650 1701 713; baseline 0.006 -19"><span class='ocrx_word' id='word_1_41' title='bbox 320 650 553 709; x_wconf 68' lang='lat' dir='ltr'>Evangelio</span> <span class='ocrx_word' id='word_1_42' title='bbox 581 650 792 713; x_wconf 59' lang='lat' dir='ltr'>praecepit</span> <span class='ocrx_word' id='word_1_43' title='bbox 809 688 818 705; x_wconf 81' lang='lat'><em>‚</em></span> <span class='ocrx_word' id='word_1_44' title='bbox 849 661 897 696; x_wconf 89' lang='lat' dir='ltr'>ut</span> <span class='ocrx_word' id='word_1_45' title='bbox 916 651 1148 711; x_wconf 83' lang='lat' dir='ltr'>diligamus</span> <span class='ocrx_word' id='word_1_46' title='bbox 1173 651 1373 697; x_wconf 89' lang='lat' dir='ltr'>inimicos</span> <span class='ocrx_word' id='word_1_47' title='bbox 1400 656 1591 700; x_wconf 68' lang='lat' dir='ltr'>nostr0s³</span> <span class='ocrx_word' id='word_1_48' title='bbox 1613 676 1624 709; x_wconf 89' lang='lat'>;</span> <span class='ocrx_word' id='word_1_49' title='bbox 1648 656 1701 702; x_wconf 85' lang='grc'>(16</span> 
     </span>
     <span class='ocr_line' id='line_1_7' title="bbox 317 722 1702 786; baseline 0.006 -22"><span class='ocrx_word' id='word_1_50' title='bbox 317 722 478 783; x_wconf 82' lang='lat' dir='ltr'>quibus</span> <span class='ocrx_word' id='word_1_51' title='bbox 503 733 646 767; x_wconf 88' lang='lat' dir='ltr'>tamen</span> <span class='ocrx_word' id='word_1_52' title='bbox 673 723 889 785; x_wconf 85' lang='lat' dir='ltr'>promittit</span> <span class='ocrx_word' id='word_1_53' title='bbox 914 723 1004 785; x_wconf 80' lang='lat' dir='ltr'>ipse</span> <span class='ocrx_word' id='word_1_54' title='bbox 1031 722 1268 768; x_wconf 68' lang='lat' dir='ltr'>xindictam</span> <span class='ocrx_word' id='word_1_55' title='bbox 1285 760 1294 777; x_wconf 80' lang='lat'>,</span> <span class='ocrx_word' id='word_1_56' title='bbox 1321 741 1422 769; x_wconf 89' lang='lat' dir='ltr'>cum</span> <span class='ocrx_word' id='word_1_57' title='bbox 1447 725 1500 770; x_wconf 85' lang='grc'><strong>(10,</strong></span> <span class='ocrx_word' id='word_1_58' title='bbox 1524 725 1599 771; x_wconf 89' lang='lat' dir='ltr'>illo</span> <span class='ocrx_word' id='word_1_59' title='bbox 1623 730 1702 786; x_wconf 82' lang='lat' dir='ltr'>J&#39;u-</span> 
     </span>
     <span class='ocr_line' id='line_1_8' title="bbox 317 792 1701 859; baseline 0.004 -23"><span class='ocrx_word' id='word_1_60' title='bbox 317 793 412 837; x_wconf 84' lang='lat' dir='ltr'>dice</span> <span class='ocrx_word' id='word_1_61' title='bbox 449 793 775 839; x_wconf 86' lang='lat' dir='ltr'>similitudinem</span> <span class='ocrx_word' id='word_1_62' title='bbox 802 792 999 839; x_wconf 77' lang='lat' dir='ltr'>inducit.</span> <span class='ocrx_word' id='word_1_63' title='bbox 1031 793 1107 856; x_wconf 83' lang='lat' dir='ltr'>qni</span> <span class='ocrx_word' id='word_1_64' title='bbox 1135 793 1412 856; x_wconf 80' lang='lat' dir='ltr'>quotidianas</span> <span class='ocrx_word' id='word_1_65' title='bbox 1448 795 1701 859; x_wconf 82' lang='lat' dir='ltr'>interpella-</span> 
     </span>
     <span class='ocr_line' id='line_1_9' title="bbox 317 862 1701 930; baseline 0.005 -24"><span class='ocrx_word' id='word_1_66' title='bbox 317 862 451 907; x_wconf 80' lang='lat' dir='ltr'>tiones</span> <span class='ocrx_word' id='word_1_67' title='bbox 472 863 617 909; x_wconf 69' lang='lat' dir='ltr'>viduae</span> <span class='ocrx_word' id='word_1_68' title='bbox 644 864 835 909; x_wconf 83' lang='lat' dir='ltr'>mulieris</span> <span class='ocrx_word' id='word_1_69' title='bbox 857 865 1040 927; x_wconf 75' lang='lat' dir='ltr'>petentis</span> <span class='ocrx_word' id='word_1_70' title='bbox 1066 874 1111 908; x_wconf 87' lang='lat' dir='ltr'>ut</span> <span class='ocrx_word' id='word_1_71' title='bbox 1136 882 1177 909; x_wconf 84' lang='lat' dir='ltr'>se</span> <span class='ocrx_word' id='word_1_72' title='bbox 1202 864 1472 922; x_wconf 65' lang='lat' dir='ltr'>vindicaret,</span> <span class='ocrx_word' id='word_1_73' title='bbox 1501 868 1701 930; x_wconf 83' lang='lat' dir='ltr'>quamvis</span> 
     </span>
     <span class='ocr_line' id='line_1_10' title="bbox 316 934 1696 993; baseline 0.004 -16"><span class='ocrx_word' id='word_1_74' title='bbox 316 944 421 979; x_wconf 79' lang='lat' dir='ltr'>essct</span> <span class='ocrx_word' id='word_1_75' title='bbox 446 935 651 993; x_wconf 83' lang='lat' dir='ltr'>injtlstus,</span> <span class='ocrx_word' id='word_1_76' title='bbox 679 953 757 980; x_wconf 89' lang='lat' dir='ltr'>nec</span> <span class='ocrx_word' id='word_1_77' title='bbox 786 936 923 979; x_wconf 85' lang='lat' dir='ltr'>Deum</span> <span class='ocrx_word' id='word_1_78' title='bbox 947 935 1124 982; x_wconf 84' lang='lat' dir='ltr'>timens.</span> <span class='ocrx_word' id='word_1_79' title='bbox 1156 952 1234 979; x_wconf 88' lang='lat' dir='ltr'>nec</span> <span class='ocrx_word' id='word_1_80' title='bbox 1254 934 1451 981; x_wconf 82' lang='lat' dir='ltr'>homines</span> <span class='ocrx_word' id='word_1_81' title='bbox 1476 954 1670 982; x_wconf 72' lang='lat' dir='ltr'>reverens</span> <span class='ocrx_word' id='word_1_82' title='bbox 1686 975 1696 993; x_wconf 88' lang='lat'><strong>‚</strong></span> 
     </span>
     <span class='ocr_line' id='line_1_11' title="bbox 316 1005 1700 1069; baseline 0.005 -22"><span class='ocrx_word' id='word_1_83' title='bbox 316 1014 458 1049; x_wconf 85' lang='lat' dir='ltr'>tamen</span> <span class='ocrx_word' id='word_1_84' title='bbox 483 1006 689 1051; x_wconf 84' lang='lat' dir='ltr'>sustinere</span> <span class='ocrx_word' id='word_1_85' title='bbox 712 1023 798 1051; x_wconf 87' lang='lat' dir='ltr'>non</span> <span class='ocrx_word' id='word_1_86' title='bbox 826 1006 973 1069; x_wconf 86' lang='lat' dir='ltr'>potuit</span> <span class='ocrx_word' id='word_1_87' title='bbox 992 1042 1002 1059; x_wconf 86' lang='lat'>,</span> <span class='ocrx_word' id='word_1_88' title='bbox 1038 1016 1079 1049; x_wconf 89' lang='lat' dir='ltr'>et</span> <span class='ocrx_word' id='word_1_89' title='bbox 1107 1005 1274 1051; x_wconf 75' lang='lat' dir='ltr'>audivit</span> <span class='ocrx_word' id='word_1_90' title='bbox 1297 1024 1415 1061; x_wconf 84' lang='lat' dir='ltr'>eam,</span> <span class='ocrx_word' id='word_1_91' title='bbox 1443 1025 1496 1053; x_wconf 85' lang='lat' dir='ltr'>nc</span> <span class='ocrx_word' id='word_1_92' title='bbox 1522 1007 1700 1054; x_wconf 87' lang='lat' dir='ltr'>ulterius</span> 
     </span>
     <span class='ocr_line' id='line_1_12' title="bbox 318 1074 1700 1140; baseline 0.006 -22"><span class='ocrx_word' id='word_1_93' title='bbox 318 1074 496 1120; x_wconf 68' lang='lat' dir='ltr'>taedium</span> <span class='ocrx_word' id='word_1_94' title='bbox 523 1087 744 1138; x_wconf 84' lang='lat' dir='ltr'>pateretur</span> <span class='ocrx_word' id='word_1_95' title='bbox 771 1094 782 1121; x_wconf 74' lang='grc' dir='ltr'>ε</span> <span class='ocrx_word' id='word_1_96' title='bbox 810 1094 855 1121; x_wconf 77' lang='lat' dir='ltr'>ex</span> <span class='ocrx_word' id='word_1_97' title='bbox 889 1079 1013 1136; x_wconf 80' lang='lat' dir='ltr'>eujus</span> <span class='ocrx_word' id='word_1_98' title='bbox 1044 1077 1369 1139; x_wconf 84' lang='lat' dir='ltr'>comparatione.</span> <span class='ocrx_word' id='word_1_99' title='bbox 1397 1077 1534 1123; x_wconf 88' lang='lat' dir='ltr'>multo</span> <span class='ocrx_word' id='word_1_100' title='bbox 1566 1081 1700 1140; x_wconf 87' lang='lat' dir='ltr'>magis</span> 
     </span>
     <span class='ocr_line' id='line_1_13' title="bbox 317 1147 1701 1210; baseline 0.004 -20"><span class='ocrx_word' id='word_1_101' title='bbox 317 1147 455 1192; x_wconf 72' lang='lat' dir='ltr'>Deum</span> <span class='ocrx_word' id='word_1_102' title='bbox 476 1183 486 1202; x_wconf 85' lang='lat'><strong><em>‚</em></strong></span> <span class='ocrx_word' id='word_1_103' title='bbox 527 1147 603 1210; x_wconf 86' lang='lat' dir='ltr'>qui</span> <span class='ocrx_word' id='word_1_104' title='bbox 639 1158 701 1192; x_wconf 86' lang='lat' dir='ltr'>est</span> <span class='ocrx_word' id='word_1_105' title='bbox 735 1148 1070 1207; x_wconf 81' lang='lat' dir='ltr'>benignissimus</span> <span class='ocrx_word' id='word_1_106' title='bbox 1108 1159 1236 1210; x_wconf 87' lang='lat' dir='ltr'>atque</span> <span class='ocrx_word' id='word_1_107' title='bbox 1264 1149 1552 1205; x_wconf 84' lang='lat' dir='ltr'>justissimus,</span> <span class='ocrx_word' id='word_1_108' title='bbox 1594 1150 1701 1196; x_wconf 76' lang='lat' dir='ltr'>dixit</span> 
     </span>
     <span class='ocr_line' id='line_1_14' title="bbox 314 1216 1698 1266; baseline 0.004 -6"><span class='ocrx_word' id='word_1_109' title='bbox 314 1216 536 1261; x_wconf 66' lang='lat' dir='ltr'>vindicare</span> <span class='ocrx_word' id='word_1_110' title='bbox 568 1217 723 1263; x_wconf 84' lang='lat' dir='ltr'>electos</span> <span class='ocrx_word' id='word_1_111' title='bbox 747 1235 846 1262; x_wconf 86' lang='lat' dir='ltr'>suos</span> <span class='ocrx_word' id='word_1_112' title='bbox 869 1217 922 1262; x_wconf 79' lang='lat' dir='ltr'>do</span> <span class='ocrx_word' id='word_1_113' title='bbox 955 1218 1141 1262; x_wconf 86' lang='lat' dir='ltr'>inimicis</span> <span class='ocrx_word' id='word_1_114' title='bbox 1165 1235 1328 1265; x_wconf 87' lang='lat' dir='ltr'>eorum.</span> <span class='ocrx_word' id='word_1_115' title='bbox 1371 1219 1486 1264; x_wconf 80' lang='lat' dir='ltr'>Huic</span> <span class='ocrx_word' id='word_1_116' title='bbox 1512 1219 1579 1265; x_wconf 91' lang='lat' dir='ltr'>isti</span> <span class='ocrx_word' id='word_1_117' title='bbox 1617 1238 1698 1266; x_wconf 89' lang='lat' dir='ltr'>au-</span> 
     </span>
     <span class='ocr_line' id='line_1_15' title="bbox 314 1286 1698 1354; baseline 0.004 -23"><span class='ocrx_word' id='word_1_118' title='bbox 314 1286 445 1332; x_wconf 83' lang='lat' dir='ltr'>deant</span> <span class='ocrx_word' id='word_1_119' title='bbox 470 1288 660 1347; x_wconf 78' lang='lat' dir='ltr'>objicere</span> <span class='ocrx_word' id='word_1_120' title='bbox 685 1289 966 1351; x_wconf 73' lang='lat' dir='ltr'>quaestionem</span> <span class='ocrx_word' id='word_1_121' title='bbox 985 1325 995 1342; x_wconf 80' lang='lat'>‚</span> <span class='ocrx_word' id='word_1_122' title='bbox 1025 1298 1065 1332; x_wconf 85' lang='lat' dir='ltr'>et</span> <span class='ocrx_word' id='word_1_123' title='bbox 1089 1288 1265 1344; x_wconf 79' lang='lat' dir='ltr'>dicant,</span> <span class='ocrx_word' id='word_1_124' title='bbox 1296 1289 1328 1333; x_wconf 79' lang='lat' dir='ltr'>si</span> <span class='ocrx_word' id='word_1_125' title='bbox 1354 1301 1561 1352; x_wconf 78' lang='lat' dir='ltr'>possunt,</span> <span class='ocrx_word' id='word_1_126' title='bbox 1590 1291 1698 1354; x_wconf 88' lang='lat' dir='ltr'>quid</span> 
     </span>
     <span class='ocr_line' id='line_1_16' title="bbox 314 1359 1698 1421; baseline 0.004 -19"><span class='ocrx_word' id='word_1_127' title='bbox 314 1368 400 1409; x_wconf 81' lang='lat' dir='ltr'>est,</span> <span class='ocrx_word' id='word_1_128' title='bbox 430 1359 548 1421; x_wconf 88' lang='lat' dir='ltr'>quod</span> <span class='ocrx_word' id='word_1_129' title='bbox 572 1359 734 1418; x_wconf 83' lang='lat' dir='ltr'>jussisti</span> <span class='ocrx_word' id='word_1_130' title='bbox 778 1370 825 1403; x_wconf 91' lang='lat' dir='ltr'>ut</span> <span class='ocrx_word' id='word_1_131' title='bbox 857 1359 1057 1404; x_wconf 86' lang='lat' dir='ltr'>inimicos</span> <span class='ocrx_word' id='word_1_132' title='bbox 1090 1370 1256 1404; x_wconf 82' lang='lat' dir='ltr'>nostros</span> <span class='ocrx_word' id='word_1_133' title='bbox 1280 1360 1509 1419; x_wconf 79' lang='lat' dir='ltr'>diligamus</span> <span class='ocrx_word' id='word_1_134' title='bbox 1530 1399 1540 1410; x_wconf 84' lang='grc'>,</span> <span class='ocrx_word' id='word_1_135' title='bbox 1575 1373 1617 1407; x_wconf 85' lang='lat' dir='ltr'>et</span> <span class='ocrx_word' id='word_1_136' title='bbox 1644 1362 1698 1408; x_wconf 83' lang='lat' dir='ltr'>de</span> 
     </span>
     <span class='ocr_line' id='line_1_17' title="bbox 313 1428 1696 1494; baseline 0.004 -21"><span class='ocrx_word' id='word_1_137' title='bbox 313 1428 396 1474; x_wconf 86' lang='lat' dir='ltr'>illis</span> <span class='ocrx_word' id='word_1_138' title='bbox 420 1447 496 1474; x_wconf 80' lang='lat' dir='ltr'>nos</span> <span class='ocrx_word' id='word_1_139' title='bbox 513 1429 734 1475; x_wconf 68' lang='lat' dir='ltr'>vindicare</span> <span class='ocrx_word' id='word_1_140' title='bbox 758 1430 984 1494; x_wconf 63' lang='lat' dir='ltr'>disponis?</span> <span class='ocrx_word' id='word_1_141' title='bbox 1014 1432 1078 1475; x_wconf 69' lang='lat' dir='ltr'>An</span> <span class='ocrx_word' id='word_1_142' title='bbox 1107 1429 1218 1474; x_wconf 78' lang='lat' dir='ltr'>forte</span> <span class='ocrx_word' id='word_1_143' title='bbox 1253 1442 1404 1476; x_wconf 89' lang='lat' dir='ltr'>contra</span> <span class='ocrx_word' id='word_1_144' title='bbox 1428 1432 1696 1479; x_wconf 72' lang='lat' dir='ltr'>voluntatem</span> 
     </span>
     <span class='ocr_line' id='line_1_18' title="bbox 313 1502 1691 1565; baseline 0.004 -20"><span class='ocrx_word' id='word_1_145' title='bbox 313 1517 490 1546; x_wconf 89' lang='lat' dir='ltr'>suorum</span> <span class='ocrx_word' id='word_1_146' title='bbox 522 1512 768 1547; x_wconf 84' lang='lat' dir='ltr'>sanctorum</span> <span class='ocrx_word' id='word_1_147' title='bbox 796 1502 993 1547; x_wconf 79' lang='lat' dir='ltr'>facturus</span> <span class='ocrx_word' id='word_1_148' title='bbox 1029 1512 1120 1547; x_wconf 83' lang='lat' dir='ltr'>est.</span> <span class='ocrx_word' id='word_1_149' title='bbox 1158 1518 1227 1546; x_wconf 84' lang='lat' dir='ltr'>eos</span> <span class='ocrx_word' id='word_1_150' title='bbox 1253 1519 1362 1565; x_wconf 87' lang='lat' dir='ltr'>quos</span> <span class='ocrx_word' id='word_1_151' title='bbox 1388 1502 1450 1548; x_wconf 88' lang='lat' dir='ltr'>illi</span> <span class='ocrx_word' id='word_1_152' title='bbox 1476 1503 1691 1564; x_wconf 78' lang='lat' dir='ltr'>diligunt,</span> 
     </span>
     <span class='ocr_line' id='line_1_19' title="bbox 314 1572 1695 1636; baseline 0.004 -21"><span class='ocrx_word' id='word_1_153' title='bbox 314 1572 535 1634; x_wconf 85' lang='lat' dir='ltr'>puniendo</span> <span class='ocrx_word' id='word_1_154' title='bbox 559 1583 688 1636; x_wconf 77' lang='lat' dir='ltr'>atque</span> <span class='ocrx_word' id='word_1_155' title='bbox 713 1572 996 1618; x_wconf 62' lang='lat' dir='ltr'>damnando?</span> <span class='ocrx_word' id='word_1_156' title='bbox 1024 1573 1117 1617; x_wconf 91' lang='lat' dir='ltr'>Imo</span> <span class='ocrx_word' id='word_1_157' title='bbox 1142 1573 1223 1635; x_wconf 84' lang='lat' dir='ltr'>ipsi</span> <span class='ocrx_word' id='word_1_158' title='bbox 1251 1574 1396 1635; x_wconf 88' lang='lat' dir='ltr'>potius</span> <span class='ocrx_word' id='word_1_159' title='bbox 1428 1574 1483 1619; x_wconf 87' lang='lat' dir='ltr'>ab</span> <span class='ocrx_word' id='word_1_160' title='bbox 1515 1574 1592 1620; x_wconf 88' lang='lat' dir='ltr'>ista</span> <span class='ocrx_word' id='word_1_161' title='bbox 1618 1592 1695 1621; x_wconf 85' lang='lat' dir='ltr'>ca-</span> 
     </span>
     <span class='ocr_line' id='line_1_20' title="bbox 312 1642 1695 1709; baseline 0.004 -22"><span class='ocrx_word' id='word_1_162' title='bbox 312 1642 523 1688; x_wconf 80' lang='lat' dir='ltr'>lumniosa</span> <span class='ocrx_word' id='word_1_163' title='bbox 549 1644 743 1689; x_wconf 72' lang='lat' dir='ltr'>eaecitate</span> <span class='ocrx_word' id='word_1_164' title='bbox 765 1653 1075 1688; x_wconf 79' lang='lat' dir='ltr'>convertantur</span> <span class='ocrx_word' id='word_1_165' title='bbox 1103 1642 1156 1688; x_wconf 87' lang='lat' dir='ltr'>ad</span> <span class='ocrx_word' id='word_1_166' title='bbox 1188 1644 1352 1691; x_wconf 80' lang='lat' dir='ltr'>Deum.</span> <span class='ocrx_word' id='word_1_167' title='bbox 1378 1655 1419 1689; x_wconf 87' lang='lat' dir='ltr'>ct</span> <span class='ocrx_word' id='word_1_168' title='bbox 1442 1645 1487 1690; x_wconf 92' lang='lat' dir='ltr'>in</span> <span class='ocrx_word' id='word_1_169' title='bbox 1512 1655 1695 1709; x_wconf 81' lang='lat' dir='ltr'>utroque</span> 
     </span>
     <span class='ocr_line' id='line_1_21' title="bbox 312 1714 1694 1773; baseline 0.002 -14"><span class='ocrx_word' id='word_1_170' title='bbox 312 1716 586 1759; x_wconf 75' lang='lat' dir='ltr'>&#39;l&#39;estamento</span> <span class='ocrx_word' id='word_1_171' title='bbox 622 1714 865 1773; x_wconf 75' lang='lat' dir='ltr'>intelligant</span> <span class='ocrx_word' id='word_1_172' title='bbox 902 1717 991 1773; x_wconf 73' lang='lat' dir='ltr'>ejus</span> <span class='ocrx_word' id='word_1_173' title='bbox 1027 1714 1323 1765; x_wconf 72' lang='lat' dir='ltr'>voluntatem,</span> <span class='ocrx_word' id='word_1_174' title='bbox 1357 1733 1410 1760; x_wconf 88' lang='lat' dir='ltr'>ne</span> <span class='ocrx_word' id='word_1_175' title='bbox 1445 1715 1489 1760; x_wconf 90' lang='lat' dir='ltr'>in</span> <span class='ocrx_word' id='word_1_176' title='bbox 1523 1716 1694 1762; x_wconf 82' lang='lat' dir='ltr'>sinistra</span> 
     </span>
     <span class='ocr_line' id='line_1_22' title="bbox 310 1784 1688 1849; baseline 0.003 -20"><span class='ocrx_word' id='word_1_177' title='bbox 310 1797 432 1849; x_wconf 82' lang='lat' dir='ltr'>parte</span> <span class='ocrx_word' id='word_1_178' title='bbox 454 1785 856 1831; x_wconf 77' lang='lat' dir='ltr'>invenianturinter</span> <span class='ocrx_word' id='word_1_179' title='bbox 873 1803 944 1831; x_wconf 86' lang='lat' dir='ltr'>eos</span> <span class='ocrx_word' id='word_1_180' title='bbox 963 1785 1124 1849; x_wconf 76' lang='lat' dir='ltr'>quibus</span> <span class='ocrx_word' id='word_1_181' title='bbox 1145 1784 1341 1830; x_wconf 86' lang='lat' dir='ltr'>dicturus</span> <span class='ocrx_word' id='word_1_182' title='bbox 1361 1796 1422 1830; x_wconf 89' lang='lat' dir='ltr'>est</span> <span class='ocrx_word' id='word_1_183' title='bbox 1441 1787 1654 1833; x_wconf 84' lang='lat' dir='ltr'>Dominus</span> <span class='ocrx_word' id='word_1_184' title='bbox 1678 1806 1688 1833; x_wconf 70' lang='grc' dir='ltr'>ε</span> 
     </span>
     <span class='ocr_line' id='line_1_23' title="bbox 309 1856 1693 1920; baseline 0.005 -22"><span class='ocrx_word' id='word_1_185' title='bbox 309 1879 329 1898; x_wconf 84' lang='grc'>«</span> <span class='ocrx_word' id='word_1_186' title='bbox 359 1858 422 1902; x_wconf 85' lang='lat' dir='ltr'>lte</span> <span class='ocrx_word' id='word_1_187' title='bbox 450 1858 492 1902; x_wconf 90' lang='lat' dir='ltr'>in</span> <span class='ocrx_word' id='word_1_188' title='bbox 519 1857 660 1917; x_wconf 89' lang='lat' dir='ltr'>ignem</span> <span class='ocrx_word' id='word_1_189' title='bbox 683 1867 891 1901; x_wconf 58' lang='lat' dir='ltr'>{eternum</span> <span class='ocrx_word' id='word_1_190' title='bbox 911 1894 921 1904; x_wconf 86' lang='lat'>.</span> <span class='ocrx_word' id='word_1_191' title='bbox 950 1856 1025 1920; x_wconf 81' lang='lat' dir='ltr'>qui</span> <span class='ocrx_word' id='word_1_192' title='bbox 1059 1867 1334 1919; x_wconf 69' lang='lat' dir='ltr'>pra=paratus</span> <span class='ocrx_word' id='word_1_193' title='bbox 1363 1868 1424 1901; x_wconf 84' lang='lat' dir='ltr'>est</span> <span class='ocrx_word' id='word_1_194' title='bbox 1449 1857 1626 1903; x_wconf 85' lang='lat' dir='ltr'>diabolo</span> <span class='ocrx_word' id='word_1_195' title='bbox 1651 1870 1693 1905; x_wconf 84' lang='lat' dir='ltr'>et</span> 
     </span>
     <span class='ocr_line' id='line_1_24' title="bbox 308 1927 1691 1987; baseline 0.003 -17"><span class='ocrx_word' id='word_1_196' title='bbox 308 1950 329 1970; x_wconf 83' lang='lat'>»</span> <span class='ocrx_word' id='word_1_197' title='bbox 351 1928 510 1987; x_wconf 76' lang='lat' dir='ltr'>angelis</span> <span class='ocrx_word' id='word_1_198' title='bbox 533 1931 636 1987; x_wconf 79' lang='lat' dir='ltr'>ejtls.</span> <span class='ocrx_word' id='word_1_199' title='bbox 671 1928 845 1973; x_wconf 81' lang='lat' dir='ltr'>Esurivi</span> <span class='ocrx_word' id='word_1_200' title='bbox 877 1927 992 1972; x_wconf 83' lang='lat' dir='ltr'>enim</span> <span class='ocrx_word' id='word_1_201' title='bbox 1012 1964 1022 1983; x_wconf 73' lang='lat'>‚</span> <span class='ocrx_word' id='word_1_202' title='bbox 1050 1938 1092 1971; x_wconf 89' lang='lat' dir='ltr'>et</span> <span class='ocrx_word' id='word_1_203' title='bbox 1115 1945 1201 1972; x_wconf 86' lang='lat' dir='ltr'>non</span> <span class='ocrx_word' id='word_1_204' title='bbox 1229 1927 1405 1973; x_wconf 82' lang='lat' dir='ltr'>dedistis</span> <span class='ocrx_word' id='word_1_205' title='bbox 1430 1928 1537 1973; x_wconf 83' lang='lat' dir='ltr'>mihi</span> <span class='ocrx_word' id='word_1_206' title='bbox 1564 1946 1691 1974; x_wconf 89' lang='lat' dir='ltr'>man-</span> 
     </span>
     <span class='ocr_line' id='line_1_25' title="bbox 308 1997 1687 2060; baseline 0.003 -19"><span class='ocrx_word' id='word_1_207' title='bbox 308 2022 327 2042; x_wconf 81' lang='lat'>»</span> <span class='ocrx_word' id='word_1_208' title='bbox 350 1999 536 2045; x_wconf 81' lang='lat' dir='ltr'>ducare2</span> <span class='ocrx_word' id='word_1_209' title='bbox 559 2017 569 2043; x_wconf 90' lang='lat'>:</span> <span class='ocrx_word' id='word_1_210' title='bbox 595 2021 614 2040; x_wconf 85' lang='lat'>»</span> <span class='ocrx_word' id='word_1_211' title='bbox 640 2009 681 2044; x_wconf 83' lang='lat' dir='ltr'>et</span> <span class='ocrx_word' id='word_1_212' title='bbox 701 2009 858 2044; x_wconf 65' lang='lat' dir='ltr'>caJtera</span> <span class='ocrx_word' id='word_1_213' title='bbox 883 1997 998 2044; x_wconf 83' lang='lat' dir='ltr'>talia.</span> <span class='ocrx_word' id='word_1_214' title='bbox 1028 1998 1241 2060; x_wconf 81' lang='lat' dir='ltr'>Displicet</span> <span class='ocrx_word' id='word_1_215' title='bbox 1257 1998 1369 2042; x_wconf 91' lang='lat' dir='ltr'>enim</span> <span class='ocrx_word' id='word_1_216' title='bbox 1395 1998 1484 2042; x_wconf 90' lang='lat' dir='ltr'>istis</span> <span class='ocrx_word' id='word_1_217' title='bbox 1509 1999 1687 2056; x_wconf 83' lang='lat' dir='ltr'>miseris,</span> 
     </span>
     <span class='ocr_line' id='line_1_26' title="bbox 307 2067 1686 2135; baseline 0.001 -20"><span class='ocrx_word' id='word_1_218' title='bbox 307 2070 427 2135; x_wconf 91' lang='lat' dir='ltr'>quod</span> <span class='ocrx_word' id='word_1_219' title='bbox 453 2072 567 2116; x_wconf 85' lang='lat' dir='ltr'>Deus</span> <span class='ocrx_word' id='word_1_220' title='bbox 592 2069 760 2134; x_wconf 86' lang='lat' dir='ltr'>populo</span> <span class='ocrx_word' id='word_1_221' title='bbox 791 2086 867 2115; x_wconf 91' lang='lat' dir='ltr'>suo</span> <span class='ocrx_word' id='word_1_222' title='bbox 893 2068 1215 2115; x_wconf 83' lang='lat' dir='ltr'>interficiendos</span> <span class='ocrx_word' id='word_1_223' title='bbox 1250 2067 1429 2113; x_wconf 83' lang='lat' dir='ltr'>tradidit</span> <span class='ocrx_word' id='word_1_224' title='bbox 1462 2069 1686 2126; x_wconf 91' lang='lat' dir='ltr'>inimicos;</span> 
     </span>
     <span class='ocr_line' id='line_1_27' title="bbox 305 2139 1684 2204; baseline 0 -17"><span class='ocrx_word' id='word_1_225' title='bbox 305 2153 345 2188; x_wconf 90' lang='lat' dir='ltr'>et</span> <span class='ocrx_word' id='word_1_226' title='bbox 369 2142 450 2204; x_wconf 89' lang='lat' dir='ltr'>ipsi</span> <span class='ocrx_word' id='word_1_227' title='bbox 475 2158 635 2204; x_wconf 84' lang='lat' dir='ltr'>panem</span> <span class='ocrx_word' id='word_1_228' title='bbox 656 2140 943 2186; x_wconf 79' lang='lat' dir='ltr'>manducanti</span> <span class='ocrx_word' id='word_1_229' title='bbox 967 2139 1062 2185; x_wconf 84' lang='lat' dir='ltr'>dari</span> <span class='ocrx_word' id='word_1_230' title='bbox 1083 2139 1326 2202; x_wconf 84' lang='lat' dir='ltr'>prohibent</span> <span class='ocrx_word' id='word_1_231' title='bbox 1345 2177 1355 2193; x_wconf 82' lang='lat'>‚</span> <span class='ocrx_word' id='word_1_232' title='bbox 1378 2157 1465 2184; x_wconf 90' lang='lat' dir='ltr'>non</span> <span class='ocrx_word' id='word_1_233' title='bbox 1487 2140 1684 2197; x_wconf 81' lang='lat' dir='ltr'>inimico,</span> 
     </span>
     <span class='ocr_line' id='line_1_28' title="bbox 304 2210 1688 2275; baseline -0.001 -16"><span class='ocrx_word' id='word_1_234' title='bbox 304 2213 377 2259; x_wconf 82' lang='lat' dir='ltr'>sed</span> <span class='ocrx_word' id='word_1_235' title='bbox 398 2212 604 2275; x_wconf 84' lang='lat' dir='ltr'>supplici.</span> <span class='ocrx_word' id='word_1_236' title='bbox 636 2211 885 2271; x_wconf 81' lang='lat' dir='ltr'>Intelligant</span> <span class='ocrx_word' id='word_1_237' title='bbox 905 2211 1050 2275; x_wconf 84' lang='lat' dir='ltr'>potius</span> <span class='ocrx_word' id='word_1_238' title='bbox 1076 2211 1165 2256; x_wconf 80' lang='lat' dir='ltr'>sine</span> <span class='ocrx_word' id='word_1_239' title='bbox 1195 2210 1296 2256; x_wconf 91' lang='lat' dir='ltr'>odio</span> <span class='ocrx_word' id='word_1_240' title='bbox 1328 2228 1412 2256; x_wconf 86' lang='grc'><strong>0550</strong></span> <span class='ocrx_word' id='word_1_241' title='bbox 1442 2229 1567 2274; x_wconf 82' lang='lat' dir='ltr'>posse</span> <span class='ocrx_word' id='word_1_242' title='bbox 1586 2214 1688 2258; x_wconf 78' lang='lat' dir='ltr'>vin-</span> 
     </span>
     <span class='ocr_line' id='line_1_29' title="bbox 304 2282 1687 2346; baseline 0 -17"><span class='ocrx_word' id='word_1_243' title='bbox 304 2284 464 2330; x_wconf 86' lang='lat' dir='ltr'>dictam</span> <span class='ocrx_word' id='word_1_244' title='bbox 483 2320 493 2333; x_wconf 77' lang='lat'><em>.</em></span> <span class='ocrx_word' id='word_1_245' title='bbox 529 2299 661 2346; x_wconf 84' lang='lat' dir='ltr'>quam</span> <span class='ocrx_word' id='word_1_246' title='bbox 691 2282 824 2344; x_wconf 85' lang='lat' dir='ltr'>pauci</span> <span class='ocrx_word' id='word_1_247' title='bbox 852 2282 1101 2342; x_wconf 85' lang='lat' dir='ltr'>intelligunt</span> <span class='ocrx_word' id='word_1_248' title='bbox 1124 2299 1134 2326; x_wconf 72' lang='grc' dir='ltr'>ε</span> <span class='ocrx_word' id='word_1_249' title='bbox 1158 2292 1198 2326; x_wconf 86' lang='lat' dir='ltr'>ct</span> <span class='ocrx_word' id='word_1_250' title='bbox 1220 2291 1364 2326; x_wconf 84' lang='lat' dir='ltr'>tamen</span> <span class='ocrx_word' id='word_1_251' title='bbox 1385 2282 1579 2344; x_wconf 87' lang='lat' dir='ltr'>quandiu</span> <span class='ocrx_word' id='word_1_252' title='bbox 1600 2300 1687 2329; x_wconf 88' lang='lat' dir='ltr'>non</span> 
     </span>
     <span class='ocr_line' id='line_1_30' title="bbox 303 2351 1687 2413; baseline -0.001 -13"><span class='ocrx_word' id='word_1_253' title='bbox 303 2353 584 2413; x_wconf 78' lang='lat' dir='ltr'>intelligitur,</span> <span class='ocrx_word' id='word_1_254' title='bbox 612 2352 765 2398; x_wconf 88' lang='lat' dir='ltr'>tandiu</span> <span class='ocrx_word' id='word_1_255' title='bbox 786 2369 954 2398; x_wconf 81' lang='lat' dir='ltr'>necesse</span> <span class='ocrx_word' id='word_1_256' title='bbox 973 2364 1033 2397; x_wconf 80' lang='lat' dir='ltr'>est</span> <span class='ocrx_word' id='word_1_257' title='bbox 1050 2391 1060 2409; x_wconf 75' lang='lat'>‚</span> <span class='ocrx_word' id='word_1_258' title='bbox 1084 2363 1131 2398; x_wconf 89' lang='lat' dir='ltr'>nt</span> <span class='ocrx_word' id='word_1_259' title='bbox 1147 2351 1282 2397; x_wconf 85' lang='lat' dir='ltr'>lector</span> <span class='ocrx_word' id='word_1_260' title='bbox 1311 2352 1354 2397; x_wconf 90' lang='lat' dir='ltr'>in</span> <span class='ocrx_word' id='word_1_261' title='bbox 1379 2351 1502 2397; x_wconf 80' lang='lat' dir='ltr'>libris</span> <span class='ocrx_word' id='word_1_262' title='bbox 1523 2353 1687 2399; x_wconf 86' lang='lat' dir='ltr'>utrius—</span> 
     </span>
     <span class='ocr_line' id='line_1_31' title="bbox 303 2423 1686 2489; baseline -0.001 -18"><span class='ocrx_word' id='word_1_263' title='bbox 303 2443 387 2489; x_wconf 86' lang='lat' dir='ltr'>que</span> <span class='ocrx_word' id='word_1_264' title='bbox 411 2425 671 2471; x_wconf 82' lang='lat' dir='ltr'>Testamenti</span> <span class='ocrx_word' id='word_1_265' title='bbox 696 2441 853 2484; x_wconf 87' lang='lat' dir='ltr'>magno</span> <span class='ocrx_word' id='word_1_266' title='bbox 879 2423 1026 2469; x_wconf 82' lang='lat' dir='ltr'>labore</span> <span class='ocrx_word' id='word_1_267' title='bbox 1047 2434 1121 2469; x_wconf 89' lang='lat' dir='ltr'>aut</span> <span class='ocrx_word' id='word_1_268' title='bbox 1139 2428 1506 2484; x_wconf 86' lang='lat' dir='ltr'>errorejactctur,</span> <span class='ocrx_word' id='word_1_269' title='bbox 1536 2435 1578 2469; x_wconf 85' lang='lat' dir='ltr'>et</span> <span class='ocrx_word' id='word_1_270' title='bbox 1594 2441 1686 2488; x_wconf 86' lang='lat' dir='ltr'>pu-</span> 
     </span>
     <span class='ocr_line' id='line_1_32' title="bbox 302 2495 1116 2559; baseline -0.001 -17"><span class='ocrx_word' id='word_1_271' title='bbox 302 2507 360 2543; x_wconf 87' lang='lat' dir='ltr'>tet</span> <span class='ocrx_word' id='word_1_272' title='bbox 380 2496 617 2542; x_wconf 86' lang='lat' dir='ltr'>contrarias</span> <span class='ocrx_word' id='word_1_273' title='bbox 635 2495 719 2541; x_wconf 86' lang='lat' dir='ltr'>sibi</span> <span class='ocrx_word' id='word_1_274' title='bbox 742 2512 828 2541; x_wconf 86' lang='grc'><strong>0550</strong></span> <span class='ocrx_word' id='word_1_275' title='bbox 851 2496 1116 2559; x_wconf 82' lang='lat' dir='ltr'>Scripturas,</span> 
     </span>
    </p>

    <p class='ocr_par' dir='ltr' id='par_1_3' title="bbox 365 2565 1682 2630">
     <span class='ocr_line' id='line_1_33' title="bbox 365 2565 1682 2630; baseline 0.001 -18"><span class='ocrx_word' id='word_1_276' title='bbox 365 2568 510 2625; x_wconf 85' lang='lat' dir='ltr'>Quam</span> <span class='ocrx_word' id='word_1_277' title='bbox 537 2566 778 2613; x_wconf 79' lang='lat' dir='ltr'>vindictam</span> <span class='ocrx_word' id='word_1_278' title='bbox 814 2567 903 2613; x_wconf 85' lang='lat' dir='ltr'>sine</span> <span class='ocrx_word' id='word_1_279' title='bbox 938 2566 1039 2613; x_wconf 86' lang='lat' dir='ltr'>odio</span> <span class='ocrx_word' id='word_1_280' title='bbox 1072 2566 1268 2613; x_wconf 88' lang='lat' dir='ltr'>nondum</span> <span class='ocrx_word' id='word_1_281' title='bbox 1302 2565 1499 2630; x_wconf 83' lang='lat' dir='ltr'>Apostoli</span> <span class='ocrx_word' id='word_1_282' title='bbox 1537 2566 1682 2613; x_wconf 86' lang='lat' dir='ltr'>animo</span> 
     </span>
    </p>
   </div>
   <div class='ocr_carea' id='block_1_3' title="bbox 345 2648 996 2695">
    <p class='ocr_par' dir='ltr' id='par_1_4' title="bbox 345 2648 996 2695">
     <span class='ocr_line' id='line_1_34' title="bbox 345 2648 996 2695; baseline 0 -13"><span class='ocrx_word' id='word_1_283' title='bbox 345 2651 354 2673; x_wconf 92' lang='lat'><strong>¹</strong></span> <span class='ocrx_word' id='word_1_284' title='bbox 376 2653 450 2684; x_wconf 84' lang='lat' dir='ltr'>Luc.</span> <span class='ocrx_word' id='word_1_285' title='bbox 471 2663 518 2687; x_wconf 81' lang='lat' dir='ltr'>rx,</span> <span class='ocrx_word' id='word_1_286' title='bbox 539 2662 657 2695; x_wconf 57' lang='lat'>²72—</span> <span class='ocrx_word' id='word_1_287' title='bbox 673 2648 689 2672; x_wconf 80' lang='lat'>²</span> <span class='ocrx_word' id='word_1_288' title='bbox 711 2649 827 2683; x_wconf 83' lang='lat' dir='ltr'>Manh.</span> <span class='ocrx_word' id='word_1_289' title='bbox 846 2661 921 2688; x_wconf 74' lang='lat' dir='ltr'>xxv,</span> <span class='ocrx_word' id='word_1_290' title='bbox 942 2656 996 2687; x_wconf 62' lang='grc' dir='ltr'>μ.</span> 
     </span>
    </p>
   </div>
   <div class='ocr_carea' id='block_1_4' title="bbox 1772 118 1795 703">
    <p class='ocr_par' dir='ltr' id='par_1_5' title="bbox 1772 118 1795 703">
     <span class='ocr_line' id='line_1_35' title="bbox 1772 118 1795 703; baseline 0 0"><span class='ocrx_word' id='word_1_291' title='bbox 1772 118 1795 703; x_wconf 95' lang='lat' dir='ltr'> </span> 
     </span>
    </p>
   </div>
  </div>
 </body>
</html>
