1795 3253
326 284 411 338 184
741 296 775 324 s·
820 293 1062 325 Aucusruu
1099 294 1300 324 eviscovi

320 363 469 407 saltem
491 359 598 405 illud
624 359 872 414 concedite,
901 370 948 405 ut
980 377 1055 403 vos
1075 369 1280 421 tanquam
1311 359 1552 418 incognitos
1575 376 1692 406 nunc

319 431 512 494 primum
539 429 712 475 audiam
731 466 741 481 ,
762 446 878 474 nunc
901 432 1092 492 primum
1112 428 1358 475 discutiam.
1387 430 1560 475 Justum
1586 439 1693 492 puto

316 517 405 545 esse
426 498 547 562 quod
570 498 744 562 postulo
766 517 776 543 z
803 500 888 544 hac
910 516 1009 544 sane
1043 499 1132 556 lege
1166 509 1329 543 servata
1348 535 1358 553 ‚
1387 509 1435 544 ut
1468 499 1694 543 vobiscum

317 586 406 616 non
430 586 544 614 orem
565 606 576 624 ‚
609 586 697 614 non
728 569 1028 614 conventicula
1064 568 1302 623 celebrem,
1339 585 1423 613 non
1463 568 1696 613 Manichaei

318 657 478 686 nomen
504 639 713 702 accipiam
732 676 742 694 ‚
764 639 797 684 si
818 656 904 685 non
925 639 1033 684 mihi
1054 639 1106 683 de
1124 639 1328 683 omnibus
1352 639 1480 684 rebus
1500 638 1554 683 ad
1577 637 1695 683 salu-

319 720 407 755 tem
427 709 583 754 animae
609 709 926 771 pertinentibus
950 709 1039 754 sine
1062 708 1148 753 ulla
1170 707 1350 767 caligine
1369 708 1577 753 rationem
1602 723 1696 770 per·

319 780 516 843 spicuam
537 779 753 825 dederitis.

387 849 437 895 V.
481 850 531 893 ln
549 848 765 894 catholica
785 848 898 893 enim
922 848 1137 903 Ecclesia,
1167 859 1214 894 ut
1241 849 1438 894 omittam
1461 848 1698 894 sincerissi-

326 918 730 982 malnssapientiain
748 956 758 975 ‚
787 918 840 965 ad
862 923 986 978 cujus
1006 919 1294 978 cognitionem
1327 919 1457 982 pauci
1489 917 1699 982 spiritales

323 988 368 1034 in
386 989 470 1034 hac
488 989 573 1034 vita
592 989 878 1052 perveniunt,
900 1000 947 1034 ut
963 1006 1054 1034 eam
1069 1026 1079 1043 ‚
1102 1006 1148 1034 ex
1167 989 1344 1034 minima
1363 988 1541 1052 quidem
1559 998 1698 1051 parte,

322 1058 425 1120 quia
449 1058 645 1104 homines
668 1070 794 1115 sunt,
822 1058 896 1104 sed
926 1070 1071 1105 tamen
1101 1060 1188 1105 sine
1218 1059 1492 1105 dubitatione
1518 1075 1700 1121 cognose

324 1138 427 1192 cant
449 1145 459 1172 :
482 1139 685 1174 caeteram
703 1130 869 1192 quippe
888 1130 1060 1175 turbam
1084 1147 1171 1175 uon
1189 1128 1456 1188 intelligendi
1478 1128 1702 1181 vivacitas,

324 1197 398 1243 sed
423 1197 628 1243 credendi
661 1199 915 1262 simplicitas
943 1200 1200 1244 tutissimam
1228 1199 1333 1244 facit
1360 1216 1370 1242 ε
1400 1209 1446 1243 ut
1473 1215 1571 1257 ergo
1593 1197 1709 1243 lianc

327 1268 526 1313 omittam
547 1269 802 1331 sapientiam
822 1304 833 1323 ,
855 1286 987 1331 quam
1006 1270 1049 1314 in
1070 1269 1262 1314 Ecclesia
1283 1286 1368 1314 esse
1388 1268 1605 1314 catholica
1623 1285 1710 1313 non

329 1337 535 1391 creditis;
561 1338 698 1383 multa
725 1349 826 1383 sunt
858 1339 941 1384 alia
965 1355 1065 1401 quae
1095 1339 1137 1383 in
1161 1343 1252 1398 ejus
1280 1339 1440 1398 gremio
1466 1356 1534 1384 me
1557 1339 1711 1398 justis-

330 1408 435 1453 sime
454 1418 638 1455 teneant.
663 1409 799 1454 Tenet
815 1408 1037 1454 consensio
1056 1409 1321 1471 populorum
1340 1419 1468 1471 atque
1486 1409 1676 1468 gentium
1697 1425 1709 1452 ι

332 1488 448 1523 tenet
467 1478 700 1524 auctoritas
727 1478 947 1524 miraculis
970 1478 1200 1534 inchoata,
1230 1496 1305 1542 spe
1335 1479 1528 1535 nutrita,
1565 1479 1715 1524 chari-

333 1559 420 1593 tate
456 1559 583 1594 aueta
601 1585 612 1605 ‚
646 1559 856 1595 vetustate
888 1550 1061 1594 firmata
1090 1566 1100 1592 τ
1130 1559 1245 1594 tenet
1271 1550 1328 1595 ab
1361 1551 1454 1613 ipsa
1479 1549 1574 1596 sede
1600 1549 1716 1595 Petri

334 1618 558 1682 Apostoli,
597 1619 669 1664 cui
707 1619 945 1682 pascendas
980 1636 1078 1665 oves
1114 1635 1211 1664 suas
1242 1631 1339 1683 post
1361 1620 1717 1666 resurrectionem

336 1689 551 1735 Dominus
567 1689 908 1746 commendavit,
926 1689 1131 1752 usquead
1146 1701 1400 1752 praesentem
1416 1691 1718 1754 episcopatum

335 1761 547 1807 successio
573 1761 846 1807 sacerdotum
869 1779 880 1805 z
915 1771 1032 1806 tenet
1059 1771 1278 1824 postremo
1304 1763 1448 1825 ipsum
1475 1761 1719 1808 Catholicae

338 1848 494 1876 nomen
508 1867 520 1886 ‚
544 1831 662 1894 quod
685 1849 773 1877 non
791 1831 880 1877 sine
898 1848 1025 1876 causa
1044 1831 1156 1876 inter
1177 1842 1263 1877 tam
1286 1832 1442 1877 multas
1462 1833 1644 1877 haereses
1660 1831 1718 1876 sic

338 1903 417 1948 ista
452 1902 643 1948 Ecclesia
670 1903 758 1948 sola
793 1903 1009 1957 obtinuit,
1052 1912 1100 1948 ut
1130 1920 1231 1947 cum
1268 1920 1416 1948 omncs
1449 1902 1645 1947 haeretici
1680 1919 1721 1947 se

340 1971 581 2019 catholicos
600 1971 687 2017 dici
714 1972 876 2028 velint,
905 1972 1118 2035 quaerenti
1149 1983 1292 2017 tamen
1317 1974 1542 2035 peregrino
1560 1972 1689 2017 alicui
1708 2008 1718 2025 ‚

344 2043 422 2089 ubi
447 2042 500 2088 ad
527 2042 801 2088 catholicam
829 2045 1138 2093 conveniatur,
1166 2042 1310 2088 nullus
1330 2043 1637 2088 l'iaereticorum
1656 2040 1723 2086 x‘el

342 2112 568 2158 basilicam
596 2129 715 2157 suam
740 2112 806 2157 vel
836 2113 1016 2158 domum
1054 2113 1209 2158 audeat
1234 2113 1469 2160 ostendere.
1507 2114 1594 2158 Ista
1623 2129 1727 2172 ergo

346 2193 410 2228 tot
435 2193 476 2227 et
501 2193 619 2228 tanta
647 2183 833 2227 nominis
869 2184 1095 2229 christiani
1125 2184 1377 2230 charissima
1410 2183 1586 2230 vincula
1613 2194 1725 2229 recte

343 2253 566 2299 homiuem
593 2263 738 2298 tenent
763 2253 1006 2300 credentem
1042 2255 1085 2300 in
1111 2255 1326 2300 catholica
1356 2254 1572 2309 Ecclesia,
1596 2254 1725 2298 etiam

342 2324 374 2369 si
395 2334 576 2387 propter
597 2335 753 2369 nostrae
779 2324 1074 2383 intellig-entim
1110 2326 1353 2371 tarditatem
1383 2325 1446 2370 vel
1468 2324 1569 2370 xitzc
1595 2324 1726 2369 meri-

344 2406 438 2440 tum
462 2395 617 2440 veritas
642 2395 836 2440 nondum
869 2414 910 2441 se
944 2397 1210 2460 apertissime
1240 2396 1454 2443 ostendat.
1495 2395 1625 2459 Apud
1652 2412 1727 2441 vos

345 2475 517 2521 autem,
551 2465 628 2510 uhi
660 2465 772 2510 nihil
799 2465 954 2512 horum
977 2479 1039 2513 est
1063 2467 1182 2531 quod
1218 2485 1282 2512 me
1312 2468 1462 2513 invitet
1484 2484 1533 2512 ac
1561 2477 1723 2522 teneat,

345 2535 434 2580 sola
462 2545 665 2598 personat
690 2535 881 2581 veritatis
916 2538 1178 2601 pollicitatio
1204 2555 1214 2582 t
1241 2555 1339 2602 quae
1370 2537 1546 2602 quidem
1582 2537 1615 2582 si
1643 2546 1727 2582 tam

345 2605 570 2652 manifesta
595 2616 881 2663 monstratur,
909 2619 956 2654 ut
988 2609 1030 2655 in
1059 2608 1246 2655 dubium
1278 2608 1422 2655 venire
1449 2625 1533 2654 non
1563 2606 1724 2671 possit,
