1795 3253
367 297 454 341 110
782 308 817 338 5.
861 306 1101 337 AUGUSTI-Nl
1141 305 1342 335 nrlscor¹1

363 375 417 420 Et
439 371 545 419 illud
563 369 810 433 aliudquod
826 369 937 415 idem
962 369 1171 414 Dominus
1193 369 1282 413 ait:
1308 389 1327 409 a
1345 368 1442 413 Non
1467 367 1605 413 solum
1632 385 1734 430 sep-

361 469 381 488 »
403 447 477 491 ties
500 442 694 506 peccanti
716 440 837 485 fratri
860 440 1167 485 dimittendum
1188 476 1197 484 .
1229 438 1300 483 sed
1337 440 1464 483 etiam
1491 438 1734 500 septuagies
1765 466 1769 471 ·

362 539 382 559 >³
404 512 600 579 septies'l.
622 534 641 553 »
663 513 694 557 A
715 511 875 574 quibus
895 522 1035 556 tamen
1054 511 1085 554 si
1106 526 1298 573 quierant
1315 546 1325 564 ‚
1355 519 1497 554 utrum
1520 510 1734 553 Deusnon
1786 511 1787 514 ’

361 588 516 653 puniat
540 583 736 630 inimicos
753 598 866 636 suos,
894 581 982 626 sine
1003 580 1140 625 <lubio
1165 579 1478 625 turbabuntur.
1512 579 1599 641 Ipsi
1620 579 1733 623 enim

360 661 512 707 dicunt
527 695 536 705 .
568 657 705 700 Deun.
725 653 837 712 genti
865 651 1138 697 tenebrarum
1161 661 1369 695 asternunt
1390 667 1600 695 carcerem
1622 666 1735 712 prze-

360 746 514 794 parare
531 765 541 782 ,
571 742 700 789 quani
727 723 881 768 dicunt
905 740 991 767 esse
1011 722 1231 766 inimicam
1261 721 1364 766 Deo.
1402 725 1454 766 [t
1470 738 1625 783 parurn
1647 730 1731 773 est,

361 801 430 847 sed
459 815 556 843 eum
577 795 704 840 etiarn
731 810 805 837 sua
836 792 1029 837 membra
1049 791 1177 836 siniul
1209 808 1308 836 cum
1336 793 1427 854 ipsa
1453 802 1576 850 gente
1602 790 1735 853 puni-

362 884 506 918 turum
525 884 609 912 esse
628 882 715 910 non
731 862 935 908 dubitant
959 862 1114 907 dicere.
1143 861 1226 906 Sed
1246 879 1345 906 cum
1368 861 1420 906 ad
1440 861 1632 924 capitula
1649 862 1735 906 Ye-

362 944 460 988 teris
474 950 515 986 et
535 937 643 983 Nox-i
665 934 927 980 Testamenti
944 933 1125 977 veniunt
1141 970 1150 981 ,
1176 943 1223 976 ut
1245 932 1468 995 imperitos
1489 931 1731 995 decipi-ant,

361 1027 402 1061 et
429 1031 475 1059 ea
499 1009 584 1056 sibi
609 1007 787 1053 adversa
810 1022 895 1049 0550
920 1004 1223 1059 criminentur,
1249 1005 1416 1063 fingunt
1442 1021 1483 1048 se
1507 1004 1633 1049 nimis
1648 1004 1735 1048 bo·-

359 1103 451 1131 nos,
499 1080 582 1126 Sed
614 1078 763 1123 dicant
793 1076 944 1132 nobis,
979 1075 1139 1139 quibus
1172 1074 1369 1120 dicturus
1399 1086 1460 1119 est
1485 1076 1731 1120 Dominus:

358 1178 378 1197 «
396 1156 460 1199 Ite
485 1152 690 1210 inignem
714 1158 922 1192 {eternum
941 1184 950 1202 ,
982 1147 1057 1208 qui
1081 1157 1353 1209 przeparatus
1388 1157 1450 1190 est
1483 1145 1659 1191 diabolo
1694 1157 1736 1191 et

356 1250 376 1269 >³
401 1223 559 1284 angelis
582 1219 702 1280 ejus2
725 1237 734 1263 :
756 1241 774 1259 ›>
795 1219 827 1263 si
850 1217 1053 1262 omnibus
1070 1217 1212 1279 parcit
1231 1227 1271 1261 et
1290 1217 1502 1262 neminem
1525 1216 1734 1262 daninat‘)

356 1298 502 1354 Quare
526 1288 856 1348 intelligendum
875 1297 990 1332 estet
1011 1286 1119 1331 illud
1148 1297 1312 1331 rectum
1337 1305 1424 1332 esse
1440 1325 1450 1341 ,
1477 1287 1595 1350 quod
1618 1288 1735 1333 Deus

354 1364 557 1413 retribuit
574 1370 803 1426 parentum
829 1368 1010 1420 peccata
1040 1357 1138 1402 filiis
1152 1358 1228 1419 qui
1252 1375 1350 1403 euni
1380 1358 1580 1405 oderunt.
1610 1360 1669 1403 Ex
1685 1376 1734 1404 eo

354 1438 468 1484 enim
494 1432 612 1498 quod
639 1429 811 1475 addidit
837 1446 846 1472 ε
875 1449 891 1468 Δ
915 1428 1003 1483 Qui
1029 1445 1096 1472 nie
1121 1426 1334 1483 oderunt,
1358 1450 1377 1469 ›>
1398 1428 1735 1488 intelligiturcos

353 1505 503 1573 puniri
520 1501 710 1568 peccatis
734 1509 961 1563 parentum
983 1536 993 1553 ‚
1023 1498 1097 1561 qui
1116 1498 1161 1543 iu
1182 1498 1330 1543 eadem
1354 1499 1632 1562 perversitate
1651 1517 1735 1563 pa—

350 1588 523 1625 rentum
556 1587 826 1636 perseverare
860 1568 1107 1616 voluerunt.
1143 1568 1268 1614 Tales
1290 1570 1404 1614 enim
1426 1587 1512 1615 non
1537 1570 1700 1616 saevitia
1720 1608 1731 1626 ,

350 1647 423 1695 sed
446 1641 773 1709 potiusjustitia
795 1639 872 1684 Dei
891 1677 901 1694 ,
925 1650 966 1684 et
983 1656 1058 1684 sua
1076 1639 1306 1702 iniquitate
1329 1641 1591 1702 puniuntur,
1623 1641 1736 1687 sicut

349 1715 574 1779 Propheta
599 1711 657 1757 ait
676 1729 686 1755 ε
711 1731 727 1750 α
744 1709 928 1753 Sanctus
946 1710 1061 1753 enini
1088 1710 1279 1771 Spiritus
1297 1709 1544 1773 disciplinae
1562 1713 1736 1772 effugiet

351 1812 372 1832 »
392 1790 545 1834 fictum
563 1821 573 1838 ‚
597 1792 638 1828 et
659 1779 822 1826 auferet
848 1796 888 1824 50
903 1797 925 1824 a
946 1778 1283 1837 cogitationibus
1303 1796 1402 1842 quae
1423 1791 1524 1826 sunt
1550 1782 1639 1827 siue
1663 1783 1735 1827 in-

348 1882 369 1901 »
390 1857 579 1909 tellectu.
602 1862 644 1897 et
659 1850 919 1912 corripietur
939 1867 961 1893 a
980 1850 1309 1911 superveniente
1334 1850 1594 1912 iniquitate-⁹³
1620 1870 1629 1896 :
1649 1874 1668 1893 »
1688 1853 1734 1898 id

350 1941 411 1977 est
431 1967 441 1985 ‚
465 1923 726 1987 corripietur
749 1920 883 1965 homo
905 1919 1234 1981 superveniente
1261 1919 1342 1964 sibi
1369 1921 1598 1983 iniquitate
1623 1940 1697 1968 sua
1719 1961 1730 1979 ‚

351 2016 452 2046 cum
471 1997 525 2043 ab
545 2011 594 2039 eo
610 1990 826 2038 recesserit
846 1989 1035 2052 Spiritus
1052 1999 1242 2036 sanctus,
1270 1991 1326 2035 Et
1344 1989 1428 2036 alio
1444 1991 1541 2037 1000
1561 2010 1570 2036 :
1593 2014 1612 2033 «
1625 1994 1732 2039 Ilaec

352 2093 373 2113 »
399 2067 698 2128 cogitaverunt
718 2075 760 2109 et
781 2070 1057 2113 erraverunt3
1080 2061 1311 2106 excaecavit
1329 2061 1442 2106 enim
1456 2061 1551 2108 illos
1570 2064 1734 2110 malitia

357 2164 378 2184 »
398 2134 592 2186 eorun14.
608 2156 627 2176 ›>
650 2134 707 2179 Et
724 2131 808 2177 alio
829 2130 925 2175 loco
945 2148 955 2175 ε
975 2151 994 2170 <‹
1011 2130 1234 2176 Funiculis
1248 2142 1533 2193 peccatorum
1556 2150 1732 2180 suorum

353 2236 375 2257 »
395 2206 693 2272 unusquisque
717 2201 1069 2261 constringitur5.
1104 2202 1276 2258 Quibus
1301 2202 1555 2249 testimoniis
1571 2205 1733 2252 Veteris

356 2277 619 2329 Testamenti
642 2274 695 2320 de
722 2273 846 2318 Novo
871 2272 1084 2318 consentit
1106 2272 1342 2335 Apostolus
1366 2272 1543 2319 dicens:
1582 2297 1601 2316 «
1618 2276 1732 2322 Tra-

355 2378 377 2399 »
401 2352 513 2400 didit
529 2348 623 2395 illos
640 2349 759 2392 Deus
772 2345 817 2389 in
835 2344 1209 2407 concupiscentias
1227 2343 1371 2400 cordis
1387 2361 1535 2390 eorum
1550 2346 1582 2392 ⁶.
1596 2370 1614 2388 υ
1633 2348 1732 2404 Qua

355 2420 591 2472 concordia
610 2416 835 2477 utriusque
862 2414 1128 2459 Testamenti
1150 2414 1250 2460 satis
1275 2414 1517 2460 ostenditur
1535 2433 1622 2462 non
1646 2435 1731 2464 esse

354 2511 518 2544 saevum
541 2492 681 2537 Deum
695 2524 707 2544 ,
729 2485 802 2532 sed
822 2501 1178 2549 unumquemque
1195 2485 1241 2531 in
1257 2503 1299 2531 se
1317 2486 1466 2532 saevire
1484 2489 1723 2550 peccando.

404 2589 413 2610 ¹
434 2583 551 2617 Mauh.
575 2592 668 2619 xvm,
686 2589 741 2610 αα.
757 2596 801 2602 -
826 2575 1003 2617 21d.xxv‚
1022 2583 1078 2615 41,
1099 2596 1142 2602 -
1170 2574 1184 2600 3
1200 2580 1273 2621 Sap·
1293 2590 1316 2618 ι,
1344 2580 1374 2612 5Ι
1390 2596 1434 2602 —
1450 2576 1465 2601 ⁴
1488 2579 1534 2614 Η-
1553 2592 1589 2626 u,
1612 2593 1666 2615 Ἠ.
1686 2601 1729 2608 -

357 2640 370 2664 5
384 2644 476 2674 Prov.
494 2647 527 2680 v,
545 2646 601 2669 22.
621 2630 691 2658 -6
705 2635 799 2665 Rom.
820 2642 842 2670 1,
862 2636 917 2666 24.
