1795 3253
322 297 411 353 134
741 315 1062 346 5.AUGUsr1N1
1098 317 1301 347 Emscori

321 378 410 423 dici
435 389 593 441 potest,
619 391 832 442 proptere·
826 401 847 427 ι
871 382 1085 446 usquead
1116 383 1190 427 isi-1
1219 394 1473 445 persentum
1495 396 1574 442 est,
1602 403 1701 450 quae

318 466 418 494 cum
446 449 644 495 homines
667 451 845 513 indigni
868 471 953 499 esse
979 454 1246 517 putaxerint
1277 466 1488 513 cogantur
1515 457 1697 514 discere,

317 520 387 565 eti
379 538 446 565 ιιιιι
464 520 537 566 illa
557 538 632 584 qut
620 538 656 567 ιε
675 524 982 569 c-Nonxenitntti·
1000 525 1051 569 ‹le
1070 525 1181 569 inei]
1177 523 1275 568 ihil}
1293 524 1426 570 dixin:
1420 545 1440 571 ι
1456 526 1702 574 excellentia

318 610 361 637 se
379 590 523 637 dicere
542 593 799 649 existimant,
823 595 1001 655 indigna
1024 613 1109 640 esse
1128 598 1349 653 majestate
1372 596 1473 649 Dei;
1495 601 1620 657 cujtls
1639 615 1702 644 sa-

317 663 482 727 pientia
501 681 601 709 eum
623 664 880 712 descensura
902 678 1008 712 esset
1028 683 1161 729 usque
1179 665 1232 710 ad
1255 682 1414 729 corpus
1434 667 1700 726 humanum,

318 734 440 800 prius
464 751 599 799 usque
623 735 677 781 ad
700 735 895 783 humana
919 738 1052 784 verba
1078 735 1314 784 descendit.
1350 738 1462 783 Ecce
1482 738 1588 795 dixi,
1612 739 1703 786 des-

318 804 634 869 cenditzquod
670 807 856 853 verbum
889 809 922 854 si
958 808 1170 854 discutere
1205 823 1400 871 coepero,
1427 811 1607 873 proprie
1637 827 1705 857 me

320 876 471 923 dixisse
491 895 578 923 non
598 878 725 924 video
745 900 756 933 ;
783 897 870 925 non
896 881 1009 926 enim
1030 890 1172 943 potest
1195 879 1469 933 descendere,
1493 881 1570 927 nisi
1586 881 1704 946 quod

317 949 449 995 etiam
474 948 527 994 de
554 948 688 994 loco
678 968 723 996 111
747 950 896 997 locum
928 951 1091 997 monii
1123 961 1278 1015 potest.
1323 952 1372 996 iN
1366 969 1434 997 ιιιιι
1459 952 1578 1015 quod
1604 953 1705 1000 des·-

319 1019 486 1076 cendit,
514 1019 661 1067 locum
691 1023 958 1085 superiorem
989 1022 1195 1080 deserere,
1223 1032 1265 1068 et
1292 1023 1539 1069 inserimem
1562 1035 1707 1088 petere

319 1090 508 1139 videtur.
546 1091 627 1137 Dei
651 1103 795 1138 autem
823 1094 1065 1157 ὃιρίριιιίτι,
1102 1111 1203 1140 cum
1232 1104 1321 1140 tota
1352 1094 1517 1157 ubique
1546 1106 1706 1157 praesto

320 1163 392 1220 sit,
419 1161 541 1208 nullo
567 1172 696 1225 pacto
717 1162 828 1220 migr
832 1180 901 1207 ‘ire
918 1164 972 1208 de
991 1165 1117 1209 loco
1107 1182 1151 1210 ln
1170 1165 1315 1210 locum
1341 1173 1496 1227 potest.
1529 1165 1592 1209 De
1621 1182 1708 1228 qua

320 1239 506 1282 Joannes
536 1234 582 1279 in
612 1232 846 1292 Evangelio
870 1232 996 1289 dicit,
1031 1244 1241 1296 tanquam
1271 1233 1493 1278 Dominici
1520 1234 1709 1297 pectoris

319 1306 555 1372 particeps,
581 1304 652 1351 Ait
668 1304 784 1350 enim
806 1322 816 1349 :
836 1326 856 1346 α
876 1305 928 1349 ln
948 1305 1035 1350 hoc
1053 1304 1218 1349 inundo
1237 1315 1346 1360 erat,
1366 1305 1613 1351 otmundus
1630 1323 1710 1369 per

322 1400 344 1422 2>
370 1379 514 1442 ipsum
547 1376 688 1422 factus
719 1386 798 1431 est,
823 1387 864 1421 et
886 1375 1077 1421 mundus
1102 1393 1201 1421 eum
1225 1393 1314 1420 non
1341 1376 1585 1436 cognovit1.
1614 1398 1634 1419 »
1655 1378 1711 1424 Et

323 1462 470 1496 tamen
500 1448 591 1511 ipse
617 1447 818 1508 adjungit
839 1459 881 1493 et
909 1447 1016 1493 dicit
1039 1465 1049 1492 ι
1072 1469 1092 1488 α
1113 1447 1164 1492 In
1191 1463 1267 1492 sua
1299 1447 1478 1510 propria
1504 1449 1640 1505 venit,
1669 1459 1712 1494 et

323 1543 346 1565 >›
371 1521 437 1567 sui
462 1536 559 1565 eum
583 1536 672 1564 non
695 1529 967 1582 receperunt.
993 1540 1013 1560 »
1033 1518 1268 1574 Quomodo
1292 1518 1367 1564 hic
1392 1529 1499 1575 erat,
1528 1530 1571 1565 et
1596 1536 1711 1582 quo-

322 1591 456 1643 modo
481 1589 615 1646 venit,
640 1589 722 1635 nisi
748 1590 848 1652 quia
869 1590 941 1635 illa
961 1589 1205 1635 sublimitas
1228 1589 1476 1644 ineffabilis,
1502 1600 1550 1635 ut
1568 1590 1713 1636 homi·

324 1663 457 1710 nibus
470 1670 698 1722 congruat,
722 1660 928 1706 humanis
951 1661 1065 1707 sonis
1084 1659 1368 1720 significanda
1390 1671 1475 1715 est;
1502 1672 1550 1707 ut
1567 1672 1713 1708 autem

325 1734 428 1781 deos
463 1732 661 1779 homines
697 1730 858 1788 faeiat,
908 1732 1056 1778 divino
1097 1742 1159 1777 est
1196 1731 1476 1794 intelligenda}
1508 1731 1710 1778 silentio?

326 1807 475 1853 Potest
498 1820 598 1865 ergo
623 1801 748 1848 reddi
771 1803 899 1858 ratio,
927 1820 1061 1867 quare
1087 1802 1147 1848 ita
1172 1802 1340 1848 dictum
1360 1802 1414 1848 sit
1432 1819 1443 1848 ε
1461 1820 1549 1848 non
1570 1813 1712 1849 tamen

326 1886 470 1943 potest
484 1874 649 1939 aliquid
669 1873 723 1919 de
744 1876 834 1920 Deo
851 1874 979 1934 digne
1001 1874 1106 1932 diei,
1124 1874 1244 1938 quod
1263 1874 1358 1920 ideo
1371 1878 1463 1935 jam
1481 1874 1713 1934 indignum

327 1960 408 2004 est,
434 1946 538 2011 quia
562 1946 711 2009 potuit
735 1944 838 1992 dici.
871 1945 993 1991 Tolle
1024 1945 1078 1991 de
1107 1946 1196 1991 zelo
1222 1963 1410 1991 errorem
1432 1956 1474 1991 et
1498 1944 1710 2002 dolorem,

327 2018 438 2084 quid
455 2017 696 2063 remanebit
715 2015 853 2071 aliud,
880 2016 961 2061 nisi
986 2016 1188 2062 voluntas
1206 2016 1452 2062 custodiens
1473 2016 1715 2061 castitatem

328 2101 372 2137 et
386 2088 714 2152 corruptionem
729 2086 955 2133 vindicans
971 2087 1243 2146 conjugalem
1254 2090 1271 2131 '2³
1292 2086 1392 2141 Quo
1406 2084 1539 2146 igitur
1558 2086 1710 2142 verbo,

330 2161 412 2207 nisi
435 2160 525 2205 zelo
560 2158 640 2204 Dei
672 2157 823 2203 melius
853 2167 997 2221 posset
1022 2157 1253 2213 insinuari,
1281 2156 1401 2220 quod
1426 2174 1636 2203 vocamur
1659 2156 1715 2203 ad

329 2230 584 2291 conjugium
616 2229 711 2284 Dei,
741 2240 782 2274 et
807 2246 894 2274 non
919 2229 1014 2274 vult
1040 2247 1116 2275 nos
1150 2228 1268 2292 turpi
1296 2246 1441 2274 amore
1465 2228 1710 2291 corrumpi,

331 2315 373 2350 et
391 2302 521 2367 punit
541 2300 863 2365 impudicitiam
885 2312 1094 2354 nostram,
1114 2313 1156 2347 et
1173 2300 1562 2361 diligitcustitutem
1578 2304 1595 2345 ἒ)
1615 2300 1716 2345 Non

330 2375 445 2420 enim
467 2372 626 2418 frustra
655 2372 784 2432 vulgo
806 2372 892 2417 diei
912 2373 1017 2418 solet
1040 2391 1049 2417 z
1078 2373 1165 2429 Qui
1190 2390 1277 2418 non
1292 2371 1417 2426 zelat,
1436 2388 1525 2416 non
1546 2381 1675 2418 amat.

399 2445 467 2492 Ad
493 2444 579 2491 hoc
598 2444 726 2490 etiam
746 2444 931 2508 pertinet
951 2444 1068 2508 quod
1091 2444 1258 2491 dietum
1281 2454 1360 2498 est,
1375 2464 1394 2484 <‹
1414 2443 1529 2488 Edax
1548 2442 1715 2503 ignis»

332 2517 386 2564 de
411 2511 498 2581 quo
534 2516 758 2580 disputare
785 2533 872 2561 non
899 2515 1036 2561 debeo
1055 2554 1065 2569 ‚
1095 2516 1167 2562 sed
1202 2517 1346 2580 potius
1379 2515 1494 2578 ipsos
1526 2514 1716 2560 interro-

332 2605 451 2647 gare,
483 2605 613 2651 quem
638 2587 780 2648 ignem
805 2586 957 2633 dixerit
987 2588 1201 2634 Dominus
1221 2606 1262 2634 se
1291 2586 1453 2636 venisse
1482 2585 1650 2632 mittere
1670 2585 1715 2630 in

381 2670 389 2693 ¹
409 2673 503 2703 Joan.
523 2683 546 2709 1,
574 2682 622 2702 ιο.
