1795 3253
259 255 436 290 CONTRA
470 256 672 288 FAUSTUM
709 256 1010 296 MANIC}1AEUM‚
1047 259 1135 291 Lm.
1176 261 1268 293 xV1.
1374 247 1467 304 435

98 339 118 360 »
140 327 219 375 est,
253 321 468 369 Gentibus
500 334 644 370 autem
670 321 896 370 stultitia1.
933 345 953 364 ›>
978 324 1034 369 Et
1066 326 1299 389 prudentia
1330 329 1470 375 earnis

96 389 280 436 moritur
300 409 401 439 cum
423 404 625 460 tanquam
641 393 800 440 montis
816 393 1049 441 eminentia
1066 396 1267 444 Christus
1287 399 1473 447 excelsus

96 463 346 521 agnoscitur
366 483 376 510 ε
397 466 501 530 ipsis
518 468 632 513 enim
646 466 810 513 vocatis
827 466 993 512 Judeeis
1009 478 1050 512 et
1066 469 1248 521 Graecis,
1274 471 1476 517 Christus

98 531 179 576 Dei
201 533 336 581 virtus
352 548 395 582 et
414 537 492 583 Dei
517 537 725 601 sapientia
745 546 819 582 est.
848 537 1053 583 Ascendit
1070 538 1216 602 itaque
1237 541 1406 604 Moyses
1431 541 1476 586 in

97 612 308 662 montem,
345 617 395 652 ut
419 624 547 654 carne
577 618 747 653 mortua
771 607 870 653 vivo
898 608 1053 671 spiritu
1076 611 1368 673 reciperetur:
1389 629 1476 676 quo

101 672 281 724 Faustus
316 695 404 724 non
446 679 709 735 ascenderat,
745 688 794 724 ut
829 679 1020 725 carnales
1057 680 1294 729 calumnias
1335 695 1478 730 mente

101 759 272 794 mortua
292 749 558 813 loqueretur.
589 751 743 796 Nonne
760 749 899 813 ipsam
918 760 1089 813 petram
1108 753 1260 798 Petrus
1279 771 1357 817 per
1374 772 1480 819 pru-

101 818 293 865 dentiam
307 820 447 866 carnis
467 821 636 884 percuti
651 819 891 875 exhorruit,
911 837 1012 865 cum
1031 821 1220 868 Domino
1238 825 1481 886 passionem

100 906 220 935 suam
245 891 563 954 praenuntianti
591 892 651 937 ait
672 909 682 936 :
706 913 726 933 α
748 890 875 936 Absit
899 890 1101 945 Domine,
1130 910 1218 938 non
1243 894 1315 939 fiet
1339 895 1474 952 istud,

99 982 120 1002 »
136 961 355 1025 propitius
370 973 459 1008 esto
478 963 558 1009 tibi
569 963 601 1009 ²¹.
623 984 643 1005 ))
659 963 809 1026 Neque
823 961 938 1008 enim
955 964 1153 1025 pepercit
1173 963 1279 1010 huic
1296 977 1479 1028 peceato

100 1032 329 1089 Dominus,
347 1049 447 1079 cum
465 1035 503 1080 ei
522 1034 717 1080 retulerit
734 1051 745 1079 x
763 1055 783 1074 «
799 1031 910 1079 Redi
925 1043 1057 1089 retr0,
1077 1034 1273 1092 Satanas,
1290 1038 1478 1083 scanda-

100 1101 229 1147 »lum
262 1103 373 1148 mihi
404 1121 446 1149 es
469 1121 584 1150 :non
609 1104 721 1150 enim
748 1104 862 1168 sapis
888 1119 988 1166 qua?
1019 1104 1099 1149 Dei
1123 1116 1241 1155 sunt,
1271 1107 1343 1152 sed
1379 1125 1481 1172 quae

99 1194 119 1213 n
136 1183 236 1218 sunt
255 1173 485 1220 hominum
501 1175 533 1222 3.
559 1197 579 1216 ›>
600 1176 685 1220 Aut
707 1175 783 1219 uhi
806 1184 979 1219 mortua
1003 1185 1064 1219 cst
1083 1175 1162 1220 ista
1186 1176 1370 1223 carnalis
1390 1177 1480 1223 dif-

97 1242 292 1300 fidentia,
309 1244 391 1291 nisi
410 1245 457 1291 in
482 1245 647 1291 Christi
667 1244 1002 1305 glorificatione,
1030 1255 1239 1308 tanquam
1258 1247 1303 1292 in
1321 1250 1479 1295 montis

97 1313 358 1361 altitudine?
393 1316 504 1362 Nam
531 1316 681 1379 utique
714 1314 917 1369 Vivebat,
949 1332 1048 1359 cum
1080 1332 1177 1361 eum
1216 1317 1366 1364 timide
1401 1338 1480 1365 ne-

95 1395 214 1444 garet
231 1403 241 1430 :
258 1396 300 1431 et
321 1387 471 1450 utique
494 1398 666 1433 mortua
689 1397 780 1432 erat
798 1423 808 1442 ‚
838 1403 938 1431 cum
968 1403 1067 1431 eum
1092 1387 1226 1432 libere
1255 1390 1478 1452 praedica-

95 1467 172 1504 ret.
199 1457 307 1503 Haee
330 1459 507 1505 vivebat
524 1460 568 1505 in
593 1458 741 1515 Sardo,
771 1474 871 1503 eum
899 1457 1152 1503 scandalum
1178 1461 1319 1506 crucis
1342 1461 1478 1509 detes-

95 1538 187 1573 tans
222 1529 423 1575 vastabat
458 1529 740 1576 christianam
778 1527 975 1573 fidemA:
1011 1539 1054 1573 et
1089 1528 1167 1573 uhi
1204 1530 1284 1575 nisi
1322 1531 1367 1576 in
1401 1532 1476 1579 illo

93 1609 240 1645 monte
260 1611 431 1646 mortua
456 1611 564 1657 erat,
592 1604 799 1660 cumjam
821 1599 984 1645 Paulus
1008 1598 1170 1644 diceret
1192 1618 1202 1644 :
1226 1623 1245 1641 α
1269 1601 1376 1648 Vivo
1403 1621 1477 1650 au-

95 1691 114 1711 »
133 1681 218 1716 tem
233 1674 324 1731 jam
341 1689 429 1717 non
448 1689 543 1732 ego,
566 1672 674 1718 vivit
691 1688 792 1717 vero
810 1671 857 1716 in
876 1688 943 1715 me
963 1670 1030 1714 Ch
1040 1671 1219 1718 ristuss'P
1241 1696 1258 1713 >³
1431 1674 1435 1681 ’

156 1742 321 1790 XVIII.
353 1743 475 1800 Quid
505 1743 640 1788 habes
668 1742 817 1804 igitur,
845 1741 1053 1786 haeretica
1079 1742 1269 1799 vanitas,
1294 1746 1409 1792 unde
1437 1758 1474 1794 te

91 1823 217 1876 putes
238 1830 364 1878 posse
382 1814 632 1861 convincire
647 1851 657 1871 ,
681 1831 769 1859 non
788 1813 841 1858 de
864 1812 1040 1857 Christo
1065 1830 1149 1858 esse
1172 1815 1437 1877 pra-*dietum
1459 1837 1470 1864 ε

92 1905 112 1925 α
136 1883 367 1930 Suscitabo
389 1884 471 1930 illis
491 1884 759 1948 Prophetam
781 1883 834 1929 de
849 1882 1058 1928 fratribus
1072 1883 1267 1946 ipsorum
1289 1887 1471 1934 similem

93 1977 113 1996 ›>
127 1955 209 2000 tihi
224 1973 234 2000 :
252 1977 271 1998 ›>
284 1955 460 2019 quando
475 1973 527 2001 ne
543 1955 648 2001 hinc
660 1954 836 2019 quidem
850 1965 990 2018 potes,
1002 1954 1121 2018 quod
1137 1954 1387 2003 dissimilem
1402 1976 1467 2004 os-

92 2025 264 2072 tendis?
292 2026 396 2072 Aliis
419 2026 533 2073 enim
555 2027 694 2072 causis
718 2037 759 2071 et
781 2043 859 2071 nos
888 2024 1070 2070 similem
1094 2025 1371 2075 ostendimus,
1401 2031 1469 2076 An

92 2096 194 2161 quia
219 2096 435 2160 propheta
454 2097 597 2143 dictus
620 2089 699 2152 est,
722 2096 799 2160 qui
823 2107 864 2141 et
890 2095 1024 2140 homo
1047 2113 1133 2141 esse
1160 2096 1362 2157 dignatus
1382 2112 1463 2158 est,

91 2179 132 2215 et
162 2179 249 2214 tam
273 2168 410 2214 multa
434 2168 580 2215 futura
599 2167 828 2233 praedixit?
854 2167 945 2212 Nisi
976 2167 1086 2213 forte
1117 2167 1235 2213 aliud
1267 2180 1328 2214 est
1356 2188 1465 2234 pro-

90 2240 246 2305 pheta,
283 2257 413 2304 quam
448 2239 582 2287 homo
617 2239 730 2285 ultra
767 2238 980 2284 humanas
1013 2241 1284 2298 conjecturas
1317 2241 1464 2288 futura

89 2313 418 2377 praenuntians?
442 2312 567 2358 Unde
586 2311 735 2375 etipse
755 2309 807 2355 de
832 2327 873 2355 se
893 2309 987 2373 ipso
1009 2309 1095 2354 ait:
1114 2331 1133 2351 α
1156 2311 1253 2356 Non
1276 2323 1337 2358 est
1355 2332 1464 2378 pro-

90 2405 110 2426 >2
124 2383 260 2448 pheta
290 2384 378 2429 sine
400 2383 584 2438 honore,
610 2381 693 2428 nisi
716 2382 760 2427 in
783 2380 926 2443 patria
955 2380 1074 2427 suaf‘.
1102 2402 1122 2422 »
1142 2381 1225 2426 Sed
1252 2382 1305 2429 de
1329 2394 1367 2430 te
1391 2385 1461 2431 vi-

88 2454 210 2511 dero,
245 2455 322 2519 qui
351 2466 392 2501 te
426 2454 677 2501 convictum
711 2451 844 2516 paulo
882 2461 980 2497 ante
1011 2450 1227 2497 confessus
1262 2471 1321 2510 es,
1354 2472 1456 2502 eum

136 2552 147 2574 ¹
174 2564 187 2583 ι
206 2554 278 2585 Cor.
294 2564 316 2591 1,
331 2554 444 2584 23.-—
469 2549 484 2572 2
506 2549 709 2585 Matth.xv1‚
737 2559 790 2579 22.
813 2565 854 2571 -
878 2543 993 2579 31bid.
1018 2548 1071 2578 23.
1092 2564 1135 2570 -
1153 2544 1166 2567 4
1183 2550 1254 2578 Aet.
1271 2559 1341 2587 vm,
1364 2552 1393 2582 3.
1414 2569 1458 2576 —.

86 2604 101 2629 ⁵
120 2607 224 2640 Galat.
238 2619 277 2652 11,
300 2618 351 2639 20.
366 2624 404 2630 —
427 2602 442 2627 6
455 2603 572 2638 Mauh.
592 2613 668 2641 xm,
694 2603 748 2642 57.
1282 2655 1312 2703 8

1250 2673 1278 2703 2
1317 2692 1328 2702 .
