1795 3253
229 281 402 314 CONTRA
436 280 637 314 FAusruM
671 279 975 321 immensum,
1013 280 1100 312 Lm.
1147 282 1249 313 xlii.
1340 265 1431 313 363

59 358 140 404 tas,
167 347 406 394 secundum
432 347 703 393 assertionem
732 363 853 392 suam
877 346 1101 393 Christum
1130 348 1437 412 praenuntian-

59 429 121 464 tes
144 436 155 463 t
176 418 283 482 quid
305 417 470 465 facietis
487 418 543 475 ei,
570 417 743 482 qualem
769 419 951 464 Faustus
971 419 1330 465 catechizandum
1355 420 1437 466 sub

60 489 254 553 exemplo
272 491 519 554 proposuit,
546 489 621 554 qui
641 505 778 554 neque
800 488 904 552 ipsis
924 506 1062 553 neque
1085 489 1150 536 illi
1174 491 1345 536 credere
1362 508 1438 536 vo-

60 559 217 606 luerit?
249 564 312 606 An
341 561 571 624 Apostolos
591 571 756 606 nostros
774 577 855 623 pro
884 577 925 605 se
954 571 1077 606 testes
1102 561 1306 607 vocabit')
1339 562 1438 607 Non

62 630 218 693 opinor
240 631 438 677 homines
460 631 740 695 produceret,
764 629 835 675 sed
855 630 989 676 libros
1010 631 1171 695 aperiet
1192 649 1202 676 :
1221 648 1328 695 quos
1352 649 1441 677 non

64 717 147 764 pro
163 719 222 757 se,
244 702 315 748 sed
334 712 485 747 contra
511 713 744 766 se,apertos
764 701 961 764 reperiet.
989 702 1059 747 lbi
1074 703 1188 748 enirn
1214 701 1439 747 Christum

65 783 215 818 natum
238 790 284 818 ex
302 773 440 818 Maria
455 773 648 833 Virgine,
670 773 733 818 ibi
760 772 915 817 Filium
938 772 1017 817 Dei
1038 771 1202 817 factum
1217 789 1263 817 ex
1283 772 1440 817 semine

66 842 209 889 David
240 843 479 889 secundum
513 861 685 889 carnem
718 842 897 903 legimus
923 853 964 888 et
988 841 1208 888 docemus.
1245 842 1377 899 Quod
1409 842 1443 888 si

66 928 135 959 eos
155 914 377 960 infalsatos
399 914 568 966 dixerit,
596 915 687 978 ipse
711 915 886 960 testium
913 931 1090 960 suorum
1110 913 1239 959 fidem
1265 930 1442 976 oppug—

64 984 191 1030 nabit
208 985 267 1031 :si
286 996 425 1031 autem
447 985 566 1043 alios,
586 1003 694 1050 quos
711 985 828 1031 dicat
846 985 1154 1049 Apostolorum
1171 995 1436 1040 nostrorum,

66 1054 236 1101 codices
259 1057 505 1120 protulerit,
527 1056 748 1121 quomodo
771 1057 828 1102 eis
859 1057 949 1120 ipse
978 1056 1277 1102 auctoritatem
1298 1055 1438 1111 dabit,

64 1142 196 1189 quam
220 1140 299 1190 per
322 1127 534 1172 Ecclesias
559 1127 724 1172 Christi
750 1127 804 1172 ab
825 1127 926 1191 ipsis
950 1128 1169 1190 Apostolis
1188 1127 1441 1172 constitutas

65 1213 153 1242 non
179 1196 364 1260 accepit,
390 1207 439 1243 ut
462 1197 563 1243 inde
587 1197 641 1243 ad
662 1207 854 1260 posteros
872 1199 1042 1243 firmata
1067 1197 1442 1244 commendatione

64 1272 401 1315 transcurreret?
423 1269 656 1325 Quomodo
672 1268 759 1326 ille,
783 1269 854 1315 cui
871 1287 960 1315 non
974 1270 1123 1325 cred0‚
1147 1269 1314 1336 profert
1333 1267 1442 1313 mihi

65 1339 315 1404 Scripturas
345 1341 507 1404 quibus
536 1340 589 1387 de
623 1341 697 1387 illo
731 1341 936 1395 credam3
974 1352 1014 1387 et
1048 1342 1105 1387 eis
1141 1342 1232 1405 ipse
1261 1350 1443 1386 conatur

65 1409 168 1456 dare
188 1412 506 1468 auctoritatem,
536 1429 637 1458 cum
663 1429 739 1472 ego
763 1412 846 1475 ipsi
864 1429 952 1458 non
977 1412 1181 1458 credam?

129 1481 181 1529 V.
225 1482 270 1529 Si
294 1493 437 1529 autem
458 1483 587 1529 famae
612 1483 666 1529 de
697 1484 877 1529 Christo
913 1483 1183 1536 credidistis;
1214 1483 1301 1528 hoc
1327 1482 1443 1528 enim

65 1562 110 1598 et
128 1554 309 1599 Faustus
335 1554 501 1614 magnis
525 1554 730 1614 angustiis
751 1564 998 1600 coarctatus
1014 1591 1024 1610 ,
1049 1563 1321 1600 transeunter
1340 1552 1444 1597 atti-

66 1623 127 1684 git
144 1659 156 1681 ‚
184 1641 238 1670 ne
260 1624 424 1670 scilicet
439 1636 513 1671 aut
532 1642 601 1671 eos
622 1624 757 1671 libros
781 1625 974 1688 proferre
992 1635 1233 1685 cogeretur,
1256 1639 1443 1688 quorum

68 1694 301 1740 auctoritas
320 1694 443 1741 nulla
465 1706 555 1752 est,
587 1706 663 1742 aut
688 1695 743 1741 ad
767 1713 837 1741 eos
864 1696 1096 1756 ligaretur,
1127 1712 1316 1760 quorum
1346 1711 1445 1739 auc-

66 1765 217 1811 toritas
239 1765 277 1811 ei
300 1766 520 1812 contraria
548 1776 611 1812 est
643 1784 652 1811 :
685 1783 785 1826 ergo
811 1766 845 1811 si
865 1765 918 1811 de
941 1765 1119 1811 Christo
1143 1766 1270 1810 famae
1299 1764 1443 1810 credi-

66 1835 211 1892 distis,
255 1835 398 1883 videte
437 1847 584 1883 utrum
621 1837 737 1882 fama
761 1836 917 1883 idonea
943 1836 1059 1882 testis
1096 1836 1179 1892 sit,
1220 1835 1446 1895 diligenter

67 1906 337 1953 considerate
369 1924 458 1970 quo
481 1925 557 1954 vos
587 1908 889 1971 praecipitetis.
926 1907 1043 1953 Mala
1076 1907 1189 1952 enim
1219 1906 1357 1952 multa
1390 1906 1443 1951 de

66 1977 192 2023 vobis
214 1977 330 2023 fama
355 1977 632 2033 disseminat,
660 1978 731 2023 cui
751 1977 869 2023 credi
892 1994 982 2022 non
1001 1977 1146 2024 vultis.
1179 1977 1291 2034 Quae
1310 1976 1443 2037 igitur

65 2047 176 2094 ratio
196 2057 259 2093 est
275 2084 287 2104 ‚
313 2047 428 2093 hanc
446 2047 500 2093 de
526 2048 703 2094 Christo
726 2047 834 2094 velle
851 2064 1046 2094 veracem
1065 2085 1076 2104 ,
1105 2065 1235 2111 quam
1256 2047 1308 2093 de
1321 2048 1444 2094 vobis

66 2118 199 2165 vultis
221 2134 307 2164 esse
333 2118 619 2165 mendacem?
659 2118 779 2175 Quid
813 2118 933 2182 quod
956 2118 1084 2164 etiam
1112 2118 1241 2164 famae
1278 2118 1444 2164 Christi

67 2188 396 2236 contradicitis?
423 2191 485 2236 Ea
505 2192 672 2255 quippe
697 2190 870 2246 clarior,
896 2207 942 2236 ea
962 2189 1307 2254 praepollentior,
1326 2207 1447 2236 aures

68 2271 110 2307 et
127 2270 290 2307 mentes
312 2272 353 2307 et
370 2261 540 2323 linguas
560 2263 756 2308 omnium
776 2262 967 2323 gentium
992 2272 1131 2319 tenet,
1155 2279 1255 2327 quae
1269 2262 1445 2308 Christo

67 2347 117 2378 ex
137 2331 296 2378 semine
318 2333 464 2380 David
481 2333 722 2380 secundum
748 2333 998 2397 Scripturas
1016 2333 1224 2379 Hebraeas
1246 2333 1445 2380 dissemi-

67 2413 189 2459 nato,
211 2399 367 2467 implet
379 2404 498 2468 quod
512 2404 576 2450 ibi
600 2405 811 2469 scriptum
837 2415 898 2450 est
912 2442 924 2462 ,
947 2404 1209 2468 promissum
1230 2403 1439 2461 Abrahae,

67 2483 111 2518 et
132 2473 253 2520 Isaac
276 2511 287 2530 ,
313 2484 356 2520 et
378 2475 518 2521 Jacob
542 2493 552 2521 ε
581 2497 600 2516 «
618 2476 669 2521 In
687 2476 844 2521 semine
864 2485 937 2522 tuo
957 2474 1272 2522 benedicentur
1293 2491 1442 2520 omnes

62 2564 92 2588 ·>)
120 2545 321 2594 Gentes2.
345 2568 367 2588 »
393 2546 513 2605 Quid
537 2564 635 2608 ergo
664 2546 952 2612 respondetis,
985 2547 1159 2595 cuinam
1183 2546 1237 2594 de
1263 2545 1440 2594 Christo

118 2620 128 2644 ¹
147 2625 223 2656 Luc.
243 2634 278 2662 ιι,
298 2634 336 2664 7;
357 2623 474 2658 Matth.
494 2637 519 2663 1,
537 2623 659 2662 23-25‚
676 2628 707 2656 et
722 2626 814 2658 Rom.
832 2636 857 2664 1,
880 2626 910 2658 3.
928 2642 971 2648 —-—
985 2622 1096 2659 ²Gen.
1116 2635 1176 2662 κη,
1200 2626 1345 2663 3;xxv1‚
1366 2629 1397 2663 4,
1411 2629 1441 2657 et

69 2688 187 2718 xxvm,
210 2683 261 2716 ¹4-
