1795 3253
331 315 426 371 244
759 328 794 359 S.
838 327 1080 360 Accusrlm
1117 327 1318 360 EPJSCOPI

327 480 809 496 m-wxmmmswssssm
817 482 870 493 »Ἃ
878 481 1165 493 Ἃὶνι-Μιςινι
1191 481 1308 492 §tsssz
1317 482 1375 492 :sm
1389 482 1498 493 .=·===.=
1506 482 1561 493 usn
1571 482 1628 493 §xz
1637 481 1693 494 Μ

881 598 1060 642 LIBER
1098 598 1179 643 III.

359 741 393 787 l.
417 741 448 784 1³
453 754 616 784 ‚ws'rcs
634 737 741 784 dixit
759 740 982 803 :«Accipis
998 758 1098 800 ergo
1113 741 1464 800 generationem?
1486 743 1705 806 Equidem

323 821 502 857 conatus
529 809 605 855 diu
629 826 723 855 sum
749 809 835 856 hoc
858 811 1002 874 ipsum
1032 811 1349 875 qualecumque
1367 823 1429 858 est
1447 813 1706 877 persuadere

322 881 462 935 1nihi3
488 880 591 944 quia
612 879 667 925 sit
692 891 817 926 natus
842 881 958 927 Deus
981 900 990 927 :
1014 881 1087 927 sed
1111 883 1294 929 offensus
1315 882 1504 930 duorum
1524 884 1706 930 maxime

321 952 695 1013 Evangelistarum
721 952 982 999 dissensione
1003 991 1013 1010 ‚
1053 954 1129 1017 qui
1155 954 1447 1015 genealogiam
1477 960 1568 1016 ejus
1594 956 1705 1002 scri-

318 1024 434 1069 bunt
456 1062 466 1079 ‚
491 1025 624 1069 Lucae
644 1034 685 1069 et
709 1024 910 1070 ‘Matthaei
926 1064 936 1081 ‚
961 1025 1066 1071 haesi
1099 1025 1290 1072 incertus
1310 1044 1541 1090 quemnam
1562 1028 1705 1091 potis-

319 1095 478 1141 simum
504 1094 747 1158 sequcrer'l.
801 1095 913 1141 Fieri
950 1097 1064 1142 enim
1096 1114 1218 1161 posse
1254 1098 1492 1161 putabam,
1527 1109 1574 1144 ut
1603 1098 1707 1162 quia

316 1166 527 1230 praescius
552 1183 640 1211 non
658 1183 751 1212 sum
770 1203 781 1224 ‚
805 1184 933 1230 quem
955 1169 1127 1214 mentiri
1145 1170 1426 1215 existimarem
1441 1208 1452 1226 ‚
1481 1169 1571 1233 ipse
1589 1169 1705 1215 dice-

318 1248 383 1282 ret
404 1254 553 1283 verum
578 1254 588 1281 :
610 1247 651 1282 et
674 1253 804 1300 quem
831 1255 931 1283 vera
953 1238 1073 1302 loqui
1091 1277 1100 1294 ,
1122 1240 1214 1302 ipse
1231 1239 1409 1286 forsitan
1430 1242 1698 1287 mentiretur.

315 1308 495 1353 Infinita
509 1325 608 1368 ergo
619 1325 768 1354 eorum
783 1310 1070 1372 praetermissa
1085 1310 1177 1366 lite,
1190 1322 1231 1356 et
1244 1311 1557 1358 interminabili
1573 1311 1700 1369 mihi,

318 1378 372 1425 ad
411 1379 626 1424 Joannem
662 1380 954 1443 Marcumque
979 1397 1045 1425 me
1079 1381 1246 1427 contuli
1276 1400 1287 1427 ε
1321 1399 1399 1428 nec
1424 1383 1652 1446 impariter
1677 1400 1701 1428 a

316 1449 492 1496 duobus
516 1449 569 1495 ad
590 1448 700 1496 duos
718 1488 728 1507 ‚
756 1460 799 1495 et
826 1450 883 1496 ab
904 1451 1189 1512 Evangelistis
1211 1452 1265 1498 ad
1295 1452 1488 1513 oJusdem
1512 1453 1705 1500 nominis

314 1520 586 1585 professores.
599 1520 800 1578 Quorum
819 1521 930 1567 mihi
947 1522 1167 1586 principia
1185 1523 1358 1570 interim
1378 1541 1466 1570 non
1485 1524 1703 1571 immerito

315 1592 602 1657 placuerunt,
627 1593 729 1656 quia
752 1610 832 1638 nec
857 1593 1022 1649 David,
1052 1612 1130 1640 nec
1149 1596 1335 1642 Mariam
1356 1596 1574 1643 inducunt
1589 1634 1600 1654 ,
1625 1614 1704 1644 nec

315 1664 336 1709 J
345 1665 481 1728 oseph
499 1686 510 1719 ;
539 1663 613 1710 sed
636 1665 657 1709 J
666 1682 824 1710 oannes
846 1664 1022 1729 quidem
1044 1666 1085 1711 in
1114 1667 1338 1731 principio
1356 1667 1486 1714 fuisse
1507 1669 1704 1716 Verbum

316 1734 426 1782 dicit
444 1736 480 1793 ⁵,
508 1747 550 1782 et
576 1736 769 1782 Verbum
806 1735 934 1782 fuisse
971 1737 1090 1800 apud
1133 1738 1297 1795 Deum,
1332 1750 1373 1784 et
1400 1740 1541 1786 Deum
1572 1739 1704 1786 fuisse

315 1805 512 1854 Verbum
527 1845 537 1863 ,
565 1807 792 1852 Christum
817 1806 1063 1866 significans
1086 1825 1096 1852 ε
1120 1809 1295 1855 Marcus
1318 1827 1442 1867 vero,
1468 1812 1703 1871 «Evange-

317 1898 338 1918 »
364 1876 472 1923 lium
492 1916 503 1935 ,
528 1878 698 1942 inquit,
723 1878 826 1924 Jesu
853 1878 1018 1923 Christi
1047 1878 1125 1924 filii
1159 1880 1238 1926 Dei
1262 1898 1272 1926 t
1299 1902 1319 1923 »
1342 1891 1549 1945 tanquam
1583 1882 1703 1928 Mat-

315 1947 484 1995 thaeum
502 1950 790 2012 exprobrans,
816 1950 892 2012 qui
911 1950 1105 2012 posuerit
1126 1950 1266 1997 filium
1295 1952 1451 2000 David.
1484 1953 1576 1999 Nisi
1592 1953 1703 1999 forte

316 2020 499 2066 alterum
523 2021 598 2067 hic
622 2031 663 2066 et
681 2020 866 2066 alterum
895 2020 968 2066 ille
997 2022 1230 2068 annuntiat
1253 2023 1418 2070 Jesum.
1459 2024 1568 2070 Haec
1601 2042 1702 2085 ergo

314 2092 424 2137 ratio
448 2103 510 2137 est
525 2130 535 2149 ‚
562 2109 649 2156 qua
674 2109 751 2152 ego
774 2109 862 2137 non
881 2092 1051 2155 accipio
1069 2092 1296 2140 Christum
1318 2096 1699 2153 natum.'['uvero‚

316 2163 351 2208 si
377 2173 521 2208 tantus
544 2180 585 2207 es
611 2173 660 2208 ut
680 2163 796 2208 hanc
830 2162 941 2208 mihi
974 2162 1141 2209 adimas
1170 2165 1476 2222 offensionem,
1505 2165 1624 2212 effice
1653 2178 1702 2212 ut

313 2233 427 2279 inter
439 2234 577 2297 seipsi
593 2234 878 2287 conveniant3
898 2244 939 2279 ct
957 2245 1196 2299 utcumque
1209 2236 1497 2283 succumbam
1518 2255 1528 2282 ε
1547 2254 1703 2300 quam-

313 2305 378 2351 vis
403 2323 480 2352 nec
515 2305 576 2351 sic
610 2305 787 2368 quidem
811 2305 994 2366 (lignum
1021 2306 1101 2352 erit
1128 2324 1175 2353 ex
1199 2319 1319 2354 utero
1344 2319 1495 2354 natum
1528 2308 1701 2355 credere

313 2375 456 2422 Deum
475 2414 486 2432 ‚
509 2387 550 2422 et
575 2377 715 2422 Deum
741 2376 1146 2426 Christianorum.»

378 2449 436 2494 ll.
457 2447 721 2507 Augustinus
740 2448 962 2511 respondit
986 2467 996 2494 ε
1021 2449 1060 2495 Ο
1079 2450 1112 2495 si
1128 2449 1204 2513 pio
1220 2449 1364 2496 studio
1381 2450 1546 2510 legisses
1561 2453 1702 2496 Evan-

310 2518 487 2578 gelium,
502 2529 544 2565 et
557 2537 604 2565 ea
625 2537 725 2582 quae
745 2530 785 2564 te
807 2520 851 2564 in
871 2521 1153 2581 Evangelistis
1173 2532 1384 2585 tanquam
1412 2521 1701 2585 repugnantia

305 2590 537 2637 movissent
556 2629 566 2647 ,
597 2591 827 2651 diligenter
859 2608 1055 2656 quaerere
1077 2630 1087 2649 ‚
1130 2610 1267 2658 quam
1304 2604 1461 2639 temere
1491 2591 1700 2639 damnare

353 2674 363 2696 ²
382 2673 499 2708 Maius.
515 2686 540 2714 1,
557 2687 586 2714 1,
607 2682 635 2708 et
653 2678 726 2707 Luc.
744 2686 795 2714 ιιι,
812 2677 864 2707 23.
882 2692 924 2699 —-
943 2674 958 2696 '2
979 2678 1075 2708 Joan.
1101 2688 1123 2716 ι,
1148 2688 1177 2709 1.
1199 2694 1241 2700 —-
1262 2672 1276 2697 3
1290 2677 1392 2710 Mare.
1416 2688 1442 2719 ¹3
1466 2688 1493 2709 π,
