1795 3253
330 275 424 323 50ss
757 288 792 318 s.
837 286 1078 319 Aneus'rmi
1116 287 1320 319 EPISCOPI

327 355 457 416 gelio.
485 353 564 400 ubi
587 352 626 398 ei
659 362 917 416 proponunt
939 351 1172 398 Sadducaei
1197 353 1483 416 quaestionem
1516 354 1570 402 de
1604 371 1708 402 mu-

324 427 427 473 liere
446 425 484 482 1,
507 441 607 488 quae
621 433 783 488 septem
803 422 1012 470 fratribus
1031 423 1279 484 singillatim
1295 436 1517 489 nupserat,
1541 443 1645 472 cum
1664 425 1710 472 in

326 502 416 558 ejus
445 496 720 542 connubium
746 494 854 541 alter
874 495 997 541 alteri
1031 494 1231 540 morienti
1266 495 1531 554 succederet,
1558 501 1710 558 cnjus-

324 585 426 614 nam
453 584 602 614 corum
638 568 683 612 in
706 567 1016 612 resurrectione
1042 583 1146 612 uxor
1182 577 1288 612 esset
1327 566 1489 615 futura.
1520 568 1710 615 Proinde

327 639 582 685 testimoniis
592 638 694 683 vitae
708 648 880 683 aeternae
894 648 936 684 et
947 637 1271 683 resurrectionis
1283 648 1557 684 mortuorum
1573 639 1711 685 abun-

329 710 405 756 dat
424 710 498 755 illa
523 710 751 772 Scriptura
770 725 781 753 :
809 707 882 754 sed
905 707 995 753 hoc
1020 724 1196 763 nomeu,
1220 707 1266 753 id
1288 718 1367 764 est,
1384 725 1563 769 regnum
1577 709 1712 756 coelo-

326 798 443 837 rum,
468 781 520 826 de
533 779 653 826 nullo
672 779 773 825 inde
789 778 885 825 loco
906 778 1014 824 mihi
1035 778 1250 832 occurrit3
1275 777 1372 824 haec
1390 779 1506 824 enim
1530 780 1711 843 proprie

327 853 517 917 pertinet
543 851 597 898 ad
621 850 927 897 revelationem
965 848 1077 895 Novi
1098 849 1381 906 Testamenti,
1415 850 1517 913 quia
1535 867 1583 896 ea
1609 867 1712 896 cor-

326 940 433 987 pora
454 939 555 986 quae
576 933 743 968 terrena
762 921 931 966 fuerant
949 956 960 975 ‚
985 919 1225 964 mutatione
1258 918 1331 964 illa
1349 957 1359 975 ,
1393 937 1526 984 quam
1551 920 1712 967 Paulus

330 995 521 1058 apertius
550 1002 883 1047 commemorat,
914 991 959 1036 in
997 990 1311 1035 resurrectione
1353 991 1457 1036 fient
1481 991 1708 1055 spiritalia,

331 1082 379 1111 ac
394 1082 472 1129 per
488 1065 574 1111 hoc
592 1064 801 1120 coelestia,
822 1063 867 1108 in
887 1061 1049 1126 quibus
1068 1060 1365 1124 possideamus
1382 1078 1560 1122 regnum
1579 1061 1712 1109 coelo-

329 1153 426 1181 rum
450 1136 483 1182 2.
528 1135 659 1192 Quod
690 1135 753 1181 ori
790 1138 881 1194 ejus
915 1132 1044 1178 etiam
1080 1131 1397 1178 nominandum
1432 1134 1708 1191 servabatur,

329 1223 458 1269 quem
476 1223 616 1266 regem
634 1205 687 1250 ad
702 1203 926 1264 regendos,
947 1213 988 1248 et
1007 1201 1276 1248 sacerdotem
1304 1202 1357 1248 ad
1377 1204 1712 1251 sanctificandos

329 1276 477 1322 fideles
502 1294 600 1322 suos
625 1273 930 1322 universusille
946 1283 1186 1336 apparatus
1203 1273 1385 1318 veteris]
1393 1276 1651 1321 nstrumenti
1668 1277 1713 1322 in

328 1347 695 1407 generationibus,
723 1346 864 1400 factis,
887 1344 1034 1399 dictis,
1058 1343 1299 1399 sacrificiis,
1316 1343 1708 1403 observationibus,

326 1417 635 1464 festivitatibus
649 1455 660 1474 ,
686 1416 977 1479 omnibusque
994 1413 1268 1478 eloquiorum
1286 1414 1520 1477 praeconiis
1536 1452 1546 1470 ,
1572 1425 1615 1460 et
1639 1433 1712 1462 re-

329 1488 412 1534 bus
437 1489 580 1548 gestis,
603 1499 644 1534 et
679 1504 824 1533 rerum
852 1486 1000 1547 figuris
1019 1484 1292 1549 parturiebat
1324 1501 1410 1530 esse
1443 1496 1707 1533 venturum:

330 1558 407 1622 qui
426 1558 580 1622 plenus
597 1558 733 1618 gratia
752 1568 793 1603 et
804 1554 1022 1612 veritatess,
1042 1565 1083 1600 et
1102 1554 1156 1600 ad
1178 1565 1399 1619 praecepta
1416 1554 1613 1602 facienda
1629 1557 1711 1604 ad-

322 1627 521 1687 ijando
549 1644 626 1691 per
649 1627 829 1688 gratiam
848 1663 859 1681 ,
890 1636 931 1671 et
958 1625 1012 1671 ad
1031 1626 1242 1689 promissa
1264 1625 1487 1689 implenda
1510 1628 1706 1675 curando

329 1715 409 1762 per
434 1698 674 1755 veritatem,
700 1697 819 1744 venit
836 1697 994 1757 Legem
1013 1713 1101 1742 non
1120 1695 1300 1752 solvere,
1325 1696 1398 1742 sed
1419 1696 1655 1761 adimplere
1669 1699 1703 1746 Δ.

379 1792 527 1826 ¹Matth.
542 1805 627 1838 xxxx,
645 1797 756 1828 23.—
773 1791 789 1814 ²
805 1804 817 1824 x
835 1795 911 1826 Cor.
925 1803 978 1831 xv,
993 1793 1050 1830 43.
1065 1809 1111 1816 —
1124 1789 1139 1814 ³
1156 1794 1253 1824 Joan.
1268 1803 1290 1831 1,
1309 1798 1363 1829 14.
1380 1809 1427 1816 —
1440 1788 1453 1814 ⁴
1472 1793 1585 1826 matth.
1600 1806 1632 1838 v,
1655 1807 1708 1835 17.
