1795 3253
371 269 458 330 178
795 283 830 312 s.
874 282 1115 313 mensi-im
1152 282 1352 313 Erlscom

365 349 511 395 adhuc
533 344 677 392 videre
694 345 813 408 quod
830 347 1009 394 viderat.
1035 349 1068 391 T
1075 347 1129 393 ali
1151 358 1292 392 autem
1311 346 1400 391 acie
1423 345 1620 403 luminis,
1649 363 1735 410 qua

361 418 443 464 ista
462 414 789 474 intelliguntur,
829 417 982 462 Daniel
1002 417 1238 480 praeditus,
1264 427 1407 462 mente
1443 416 1575 473 vidit,
1616 416 1736 480 quod

363 486 435 533 ille
454 484 827 548 videratcorpore.
855 488 1022 532 Rursus
1042 488 1114 532 illa
1139 497 1261 549 parte
1282 487 1433 543 animi,
1461 504 1559 549 quae
1578 488 1737 546 imagi-

364 574 436 603 nes
470 571 706 618 corporum
741 556 877 618 capit,
923 557 1032 602 vidit
1072 557 1287 602 somnium
1329 556 1736 603 Nabuchodonosor

362 645 432 674 rex
453 625 492 683 ¹,
521 638 562 672 et
582 626 789 689 quoniam
823 644 910 672 non
930 627 1123 673 habebat
1142 627 1345 672 idoneum
1365 627 1542 673 oculum
1582 629 1736 674 mentis

359 698 413 743 ad
434 698 584 743 melius
608 696 847 743 videndum
865 698 985 760 quod
1005 698 1186 754 viderat,
1213 697 1259 742 id
1290 708 1351 742 est
1369 734 1379 753 ,
1414 697 1468 744 ad
1489 698 1736 758 intelligen—

361 769 466 816 dum
492 767 611 831 quod
636 767 824 823 viderat,
842 767 939 813 ideo
958 768 1012 814 ad
1031 767 1403 831 interpretandum
1422 768 1563 815 visum
1583 786 1730 825 suum,

361 850 582 903 aspectum
626 838 828 901 quaesivit
860 838 1045 884 alienum
1064 877 1074 893 ,
1098 838 1291 898 ejusdem
1329 838 1493 885 scilicet
1517 840 1729 886 Danielis:

358 911 430 956 cui
445 921 589 956 tamen
604 909 812 972 aperienti
831 920 878 954 ut
899 920 1058 955 certam
1078 909 1588 966 acconnnodaretfidem,
1604 911 1733 956 etiam

355 983 499 1044 ipsum
517 980 731 1026 somnium
754 990 800 1024 ut
818 979 900 1024 sibi
918 979 1133 1024 diceretur
1152 979 1298 1039 exegit.
1325 979 1479 1025 Daniel
1504 990 1647 1025 autem
1669 997 1732 1026 re-

354 1051 523 1097 velante
542 1061 690 1096 sancto
711 1050 788 1094 Dei
818 1049 985 1112 Spiritu
1000 1087 1010 1105 ‚
1037 1060 1077 1095 et
1098 1049 1206 1109 quid
1225 1048 1296 1094 ille
1319 1049 1493 1095 vidisset
1509 1049 1554 1095 in
1573 1049 1733 1095 somnis

354 1137 401 1166 ea
422 1131 544 1183 parte
566 1119 678 1165 vidit
697 1136 784 1182 qua
807 1136 1042 1181 corporum
1070 1119 1543 1182 capiunturimagines‚
1568 1119 1732 1182 etquid

351 1190 614 1249 significaret
637 1199 779 1234 mente
815 1190 1036 1251 conspexit
1053 1190 1085 1235 2.
1120 1189 1219 1234 Non
1243 1200 1304 1234 est
1337 1200 1480 1234 autem
1513 1189 1733 1252 propheta

347 1259 438 1305 veri
460 1258 539 1304 Dei
556 1270 598 1303 et
615 1259 790 1313 summi,
818 1259 893 1320 qui
914 1259 1050 1304 oblita
1070 1259 1277 1304 divinitus
1295 1259 1401 1314 visa,
1424 1259 1493 1305 vel
1517 1259 1606 1304 solo
1627 1276 1732 1306 cor-

345 1346 470 1392 pore,
503 1328 570 1374 vel
595 1329 725 1373 etiam
749 1327 820 1372 illa
843 1339 973 1390 parte
1001 1329 1181 1391 spiritus
1208 1329 1327 1375 videt
1363 1346 1449 1392 qua
1493 1346 1731 1392 corporum

348 1399 584 1461 capiuntur
607 1398 812 1457 imagines
830 1434 840 1452 ,
870 1408 911 1442 et
931 1409 1073 1443 mente
1101 1415 1189 1443 non
1206 1398 1340 1445 videt.
1367 1398 1451 1444 Sed
1473 1399 1730 1463 plerumque

345 1469 391 1515 in
416 1468 656 1531 Scripturis
673 1467 733 1511 sic
754 1467 895 1529 posita
918 1467 1217 1522 inveniuntur,
1247 1468 1622 1531 quemadmodum
1639 1471 1730 1516 visa

343 1549 462 1594 sunt,
482 1554 570 1582 non
584 1537 713 1582 etiam
732 1535 1104 1599 quemadmodum
1126 1536 1344 1582 intellecta
1361 1549 1488 1591 sunt;
1510 1550 1557 1584 ut
1572 1541 1729 1585 mentis

343 1609 470 1662 visio,
487 1609 532 1653 in
552 1624 639 1671 qua
662 1617 776 1651 totus
798 1605 965 1651 fructus
990 1617 1068 1663 est,
1093 1606 1340 1652 exercendis
1370 1607 1608 1655 lectoribus
1636 1627 1727 1656 ser—

344 1690 530 1728 varetur.
564 1677 647 1723 Sed
671 1695 717 1722 ex
743 1676 890 1722 multis
911 1694 1010 1739 quae
1038 1688 1184 1740 aperte
1203 1688 1303 1724 sunt
1326 1678 1505 1743 scripta,
1535 1681 1730 1728 manifes-

344 1760 462 1796 tatur
478 1748 605 1794 nobis
637 1746 862 1810 quomodo
885 1746 960 1791 illa
994 1747 1302 1805 intellexerint,
1333 1766 1434 1812 quae
1452 1751 1512 1795 sic
1542 1751 1728 1798 inlibris

343 1828 602 1885 posuerunt,
632 1816 855 1880 quomodo
875 1817 1059 1875 figurate
1082 1817 1166 1863 illis
1200 1817 1490 1866 demonstrata
1512 1832 1625 1868 sunt.
1658 1823 1727 1870 Ad

343 1891 432 1937 duo
455 1890 567 1935 enim
592 1904 744 1948 genera
766 1886 839 1931 illa
863 1886 1038 1932 visionis
1065 1888 1284 1950 pertinent
1306 1890 1504 1949 figuratae
1527 1891 1725 1939 demons-

338 1961 545 2007 trationes
569 1976 580 2003 ι
606 1957 661 2003 ad
682 1956 835 2001 mentis
856 1967 1015 2010 autem,
1044 1957 1089 2002 id
1109 1969 1186 2014 est,
1206 1959 1258 2004 ad
1274 1960 1569 2021 intelligentiae
1590 1964 1726 2010 visio-

341 2048 441 2079 nem
468 2028 645 2092 simplex
667 2038 708 2072 et
727 2027 904 2090 propria
925 2028 1112 2089 pertinet
1135 2029 1337 2075 revelatio
1362 2048 1506 2078 rerum
1525 2033 1725 2081 intellec-

346 2113 488 2148 tarum
510 2110 639 2163 atque
659 2108 887 2143 certarum.
909 2097 1070 2143 Omnia
1089 2109 1232 2144 tamen
1251 2099 1350 2146 haec
1364 2118 1517 2161 genera
1532 2104 1724 2151 mirificis

345 2184 388 2219 et
406 2169 698 2218 ineffabilibus
724 2167 1107 2214 distributionibus
1129 2169 1302 2216 exhibet
1325 2182 1453 2235 atque
1474 2173 1724 2222 moderatur

345 2241 534 2306 Spiritus
565 2249 739 2284 sanctus
770 2254 951 2283 summae
981 2238 1440 2304 incommutabilisque
1478 2245 1714 2307 sapientiae.

346 2311 431 2358 Sed
455 2310 524 2356 isti
548 2308 691 2354 miseri
720 2318 820 2352 sunt
839 2309 915 2370 qui
939 2307 1264 2355 calumniantur
1302 2311 1539 2375 Prophetae
1559 2314 1720 2362 dicenti

341 2381 462 2447 quod
489 2381 628 2425 Deum
646 2377 822 2433 viderit,
847 2378 1099 2437 objicientes
1119 2380 1415 2442 Apostolicam
1443 2386 1715 2443 sententiam,

342 2451 454 2497 ubi
444 2448 702 2496 invisibilem
727 2446 847 2494 dixit.
875 2448 919 2492 Si
941 2449 1054 2494 enim
1082 2449 1189 2494 alter
1207 2451 1387 2510 objiciat
1412 2452 1516 2500 huie
1532 2456 1717 2519 Aposto-

342 2521 425 2568 lico
442 2539 468 2567 x
471 2521 575 2566 erbo
591 2520 653 2564 Ev
658 2518 899 2577 angelicum
914 2535 940 2565 x
943 2520 1116 2578 erbum,
1134 2536 1220 2583 quo
1234 2522 1445 2570 Dominus
1468 2526 1553 2571 ait·
1568 2527 1718 2575 «Beati

387 2606 398 2627 ¹
419 2599 879 2641 Dau.u,1.—-21t›id.26
