1795 3253
210 262 386 294 CONTRA
422 263 623 294 FAUSTUM
658 263 960 305 MANICHAEUM,
999 266 1088 297 LIB.
1132 269 1214 300 XII.
1323 256 1414 319 317

44 329 275 392 Apostolus
294 347 305 374 ι
327 350 347 370 «
367 329 479 374 Cum
505 329 662 389 legitur
684 331 870 393 Moyses,
892 331 1088 378 velamen
1107 345 1168 379 est
1191 352 1319 399 super
1343 355 1419 383 cor

43 420 64 441 >³
78 399 257 444 eorum1
281 418 291 444 ε
315 417 489 463 »neque
508 401 621 445 enim
644 399 836 445 aufertur
861 401 948 447 hoc
967 403 1177 461 velamen,
1205 424 1283 468 per
1300 408 1416 470 quod

42 487 130 515 non
163 470 411 531 intelligunt
446 472 641 534 Moysen,
679 471 759 516 nisi
790 473 1033 518 transierint
1068 475 1121 519 acl
1157 476 1416 524 Christum:

41 557 130 586 non
162 541 334 605 qualem
367 541 448 604 ipsi
486 542 713 597 finxerunt,
744 541 817 587 sed
847 542 1016 605 qualem
1055 545 1204 590 Patres
1241 546 1419 593 Hebraei

42 612 431 676 prophetaverunt.
475 612 547 657 Sic
586 613 701 657 enim
734 611 849 657 idem
889 614 1121 676 Apostolus
1156 615 1214 661 ait
1237 634 1246 661 :
1267 638 1287 658 α
1308 623 1419 664 Cum

44 694 222 728 »autem
253 682 469 728 transieris
501 682 554 727 ad
588 683 844 739 Dominum,
879 683 1095 729 auferetur
1131 686 1370 734 velamen?
1400 711 1420 730 >2

44 753 193 815 Neque
216 752 331 798 enim
358 752 518 797 mirum
543 763 622 808 est,
651 752 770 815 quod
794 755 1031 813 resurgenti
1061 755 1256 812 Christo,
1287 768 1329 802 et
1349 758 1421 804 di-

44 824 158 868 centi
179 841 189 868 :
213 844 232 864 «
254 824 501 886 Oportebat
527 823 698 886 impleri
732 824 895 880 onmia,
930 841 1030 887 quae
1060 826 1220 888 scripta
1247 840 1346 874 sunt
1376 830 1422 874 in

45 895 192 954 »Lege
212 894 371 957 Moysi,
396 905 437 939 et
463 894 714 957 Prophetis,
738 906 779 940 et
799 894 980 940 Psalmis
999 895 1052 940 de
1071 913 1156 951 me,
1179 898 1334 944 nolunt
1352 899 1421 944 isti

44 985 65 1006 >2
80 964 279 1010 credere3
301 982 312 1009 :
337 986 356 1006 >³
376 964 732 1027 quandoquidem
753 965 954 1011 Christus
972 965 1063 1028 ipse
1082 968 1289 1024 narravit,
1314 969 1422 1032 quid

45 1034 269 1080 Abraham
291 1034 443 1080 dixerit
463 1035 793 1080 immisericordi
815 1035 991 1080 cuidam
1014 1036 1156 1092 diviti,
1182 1056 1281 1083 cum
1302 1040 1422 1102 apud

43 1104 200 1151 inferos
226 1116 517 1169 torqueretur,
538 1116 579 1151 et
601 1116 765 1169 peteret
782 1106 883 1151 inde
908 1106 1022 1151 mitti
1047 1107 1232 1170 aliquem
1262 1109 1316 1154 ad
1339 1111 1423 1155 fra-

44 1186 128 1221 tres
152 1193 267 1231 suos,
300 1194 322 1221 a
345 1193 433 1239 quo
463 1176 738 1233 docerentur,
766 1195 819 1222 ne
843 1187 884 1222 et
906 1177 990 1239 ipsi
1012 1178 1206 1223 venirent
1229 1179 1271 1224 in
1297 1180 1421 1226 illum

44 1246 191 1292 locum
218 1257 550 1293 tormentorum.
586 1247 683 1292 Hoc
708 1248 822 1292 enim
840 1247 878 1292 ei
896 1247 1062 1293 dietum
1088 1259 1149 1297 est
1171 1267 1180 1293 ε
1205 1271 1223 1289 «
1244 1251 1421 1296 Habent

46 1338 67 1358 ι)
83 1317 147 1362 ibi
177 1318 356 1380 Moysen
380 1328 422 1363 et
453 1316 709 1380 Prophetas,
735 1317 914 1363 audiant
938 1318 1075 1365 illos&
1103 1341 1122 1360 υ
1146 1321 1199 1364 Et
1223 1338 1322 1366 cum
1352 1322 1422 1367 ille

46 1386 233 1443 dixisset,
272 1405 360 1433 non
390 1405 459 1434 eos
491 1387 747 1442 credituros,
784 1388 864 1433 nisi
902 1388 1055 1452 aliquis
1083 1392 1370 1438 resurrexisset
1400 1412 1423 1438 a

46 1458 254 1514 mortuis,
285 1458 500 1504 verissime
525 1474 776 1520 responsum
814 1469 902 1502 est:
925 1480 944 1499 α
965 1460 1010 1504 Si
1039 1460 1217 1522 Moysen
1242 1473 1283 1507 et
1313 1467 1421 1508 Pro—

47 1528 234 1591 »phetas
254 1546 342 1574 non
368 1528 565 1583 audiunt,
592 1546 730 1591 neque
755 1529 788 1573 si
812 1529 908 1592 quis
933 1547 955 1574 a
975 1532 1156 1576 mortuis
1181 1550 1421 1580 resurrexe-

47 1619 68 1640 )>
81 1599 154 1653 rit,
186 1599 362 1644 credent
376 1599 408 1646 5.
435 1621 454 1640 »
476 1599 760 1661 Quapropter
787 1599 855 1644 isti
884 1617 972 1645 non
1003 1601 1223 1648 audientes
1246 1605 1422 1667 Moysen

47 1680 88 1714 et
120 1669 380 1732 Prophetas,
414 1686 503 1714 non
528 1669 667 1714 solum
693 1688 715 1714 a
746 1671 926 1714 mortuis
957 1673 1192 1731 resurgenti
1224 1674 1418 1733 Christo,

47 1740 120 1785 sed
139 1741 316 1786 omnino
337 1740 563 1785 Christum
583 1758 605 1784 a
625 1740 806 1786 mortuis
827 1742 1097 1788 resurrexisse
1109 1761 1197 1789 non
1218 1745 1415 1793 credunt.

49 1811 284 1867 Quomodo
319 1811 434 1856 enim
467 1811 736 1857 resurrexisse
776 1811 960 1857 credunt
975 1850 986 1869 ,
1027 1831 1156 1877 quem
1199 1828 1422 1863 mortuum

46 1879 175 1927 fuisse
194 1899 277 1927 non
304 1881 519 1927 credunt')
548 1884 658 1926 ham
682 1881 904 1943 quomodo
929 1893 1151 1928 mortuum
1172 1884 1300 1931 fuisse
1326 1905 1422 1933 cre-

49 1952 177 2008 dunt,
199 1969 329 2014 quem
352 1951 532 1996 mortale
553 1967 713 2013 corpus
732 1951 936 1996 habuisse
955 1969 1042 1997 non
1066 1953 1277 2001 credunt?

114 2023 165 2069 V.
208 2024 296 2068 Nos
323 2032 464 2067 autem
484 2021 567 2066 illis
588 2038 675 2066 non
698 2031 905 2084 tanquam
931 2025 1022 2081 ejus
1048 2023 1213 2070 Christi
1236 2026 1312 2088 qui
1334 2026 1421 2073 fal-

48 2094 115 2140 lax
136 2092 238 2149 fuit,
263 2092 336 2138 sed
356 2096 446 2152 ejus
468 2091 546 2154 qui
569 2091 744 2136 omnino
765 2109 853 2137 non
871 2092 972 2147 fuit,
999 2092 1228 2140 fallacibus
1254 2097 1422 2160 preedi-

50 2165 268 2210 catorihus
294 2181 382 2209 non
401 2162 632 2208 credimus,
659 2162 880 2208 Habemus
897 2164 1010 2209 enim
1034 2163 1260 2212 Christum
1275 2185 1424 2214 verum

50 2244 179 2297 atque
203 2250 416 2287 veracem,
438 2231 702 2295 pra-:dictum
728 2251 751 2277 a
775 2233 1027 2296 Prophetis,
1052 2234 1344 2297 praedicatum
1369 2240 1424 2284 ab

50 2303 283 2366 Apostolis,
306 2302 632 2366 praedicationis
659 2319 747 2349 suae
773 2304 1014 2350 testimonia
1040 2322 1088 2350 ex
1113 2310 1225 2366 Lege
1245 2319 1286 2353 et
1309 2310 1424 2354 Pro-

49 2374 195 2438 phetis
229 2373 559 2429 adhibentibus,
595 2374 706 2419 sicut
729 2374 1124 2421 innumerabilibus
1146 2376 1251 2422 locis
1279 2389 1424 2425 osten-

51 2445 176 2491 dunt.
207 2444 340 2502 Quod
373 2444 533 2489 Paulus
563 2444 812 2491 brevissime
845 2445 1147 2511 verissimeque
1179 2450 1426 2512 complexus

99 2536 110 2559 ¹
131 2547 148 2566 2
164 2538 237 2568 Cor.
255 2547 308 2574 111,
334 2536 386 2569 15.
407 2553 451 2559 —
477 2534 492 2558 ²
513 2535 595 2570 Ibid.
614 2514 670 2568 ifi.
691 2555 734 2561 —
751 2534 766 2559 3
784 2539 858 2571 Luc.
876 2543 1044 2579 xx1v‚44.
1065 2555 1109 2564 —
1124 2535 1203 2573 41d.
1229 2550 1295 2579 xvr,
1311 2550 1365 2581 29.
1380 2559 1425 2566 —

51 2589 164 2624 ⁵112id.
185 2593 239 2624 31.
