<?xml version="1.0" encoding="UTF-8"?>
<!DOCTYPE html PUBLIC "-//W3C//DTD XHTML 1.0 Transitional//EN"
    "http://www.w3.org/TR/xhtml1/DTD/xhtml1-transitional.dtd">
<html xmlns="http://www.w3.org/1999/xhtml" xml:lang="en" lang="en">
 <head>
  <title>
</title>
<meta http-equiv="Content-Type" content="text/html;charset=utf-8" />
  <meta name='ocr-system' content='tesseract 3.04.00' />
  <meta name='ocr-capabilities' content='ocr_page ocr_carea ocr_par ocr_line ocrx_word'/>
</head>
<body>
  <div class='ocr_page' id='page_1' title='image "./operaomniaaccura28auguuoft/operaomniaaccura28auguuoft_0387.png"; bbox 0 0 1795 3253; ppageno 0'>
   <div class='ocr_carea' id='block_1_1' title="bbox 236 277 1441 340">
    <p class='ocr_par' dir='ltr' id='par_1_1' title="bbox 236 277 1441 340">
     <span class='ocr_line' id='line_1_1' title="bbox 236 277 1441 340; baseline -0.002 -16"><span class='ocrx_word' id='word_1_1' title='bbox 236 295 409 325; x_wconf 74' lang='lat' dir='ltr'>CONTRA</span> <span class='ocrx_word' id='word_1_2' title='bbox 444 293 647 327; x_wconf 72' lang='lat' dir='ltr'><strong>FAUSTUM</strong></span> <span class='ocrx_word' id='word_1_3' title='bbox 681 292 981 334; x_wconf 72' lang='lat' dir='ltr'><strong>MANICHAEUM,</strong></span> <span class='ocrx_word' id='word_1_4' title='bbox 1021 294 1109 325; x_wconf 82' lang='lat' dir='ltr'><strong>LIB.</strong></span> <span class='ocrx_word' id='word_1_5' title='bbox 1151 293 1252 325; x_wconf 83' lang='lat' dir='ltr'>xtll.</span> <span class='ocrx_word' id='word_1_6' title='bbox 1351 277 1441 340; x_wconf 69' lang='grc'>377</span> 
     </span>
    </p>
   </div>
   <div class='ocr_carea' id='block_1_2' title="bbox 74 358 1491 2544">
    <p class='ocr_par' dir='ltr' id='par_1_2' title="bbox 74 358 1478 2121">
     <span class='ocr_line' id='line_1_2' title="bbox 74 358 1448 421; baseline -0.003 -14"><span class='ocrx_word' id='word_1_7' title='bbox 74 370 285 407; x_wconf 84' lang='lat' dir='ltr'><strong>mentem:</strong></span> <span class='ocrx_word' id='word_1_8' title='bbox 305 359 426 416; x_wconf 86' lang='lat' dir='ltr'><strong>Quid</strong></span> <span class='ocrx_word' id='word_1_9' title='bbox 459 377 558 421; x_wconf 82' lang='lat' dir='ltr'>ergo</span> <span class='ocrx_word' id='word_1_10' title='bbox 587 360 770 407; x_wconf 89' lang='lat' dir='ltr'>facimus</span> <span class='ocrx_word' id='word_1_11' title='bbox 801 359 854 404; x_wconf 87' lang='lat' dir='ltr'>de</span> <span class='ocrx_word' id='word_1_12' title='bbox 885 370 972 404; x_wconf 88' lang='lat' dir='ltr'>tam</span> <span class='ocrx_word' id='word_1_13' title='bbox 1003 360 1150 405; x_wconf 90' lang='lat' dir='ltr'>multis</span> <span class='ocrx_word' id='word_1_14' title='bbox 1181 359 1331 415; x_wconf 74' lang='lat' dir='ltr'>malis,</span> <span class='ocrx_word' id='word_1_15' title='bbox 1371 358 1448 421; x_wconf 86' lang='lat' dir='ltr'>qui</span> 
     </span>
     <span class='ocr_line' id='line_1_3' title="bbox 75 430 1450 497; baseline -0.002 -20"><span class='ocrx_word' id='word_1_16' title='bbox 75 442 194 477; x_wconf 87' lang='lat' dir='ltr'>tanto</span> <span class='ocrx_word' id='word_1_17' title='bbox 220 430 405 495; x_wconf 86' lang='lat' dir='ltr'>amplius</span> <span class='ocrx_word' id='word_1_18' title='bbox 429 432 594 495; x_wconf 83' lang='lat' dir='ltr'>ubique</span> <span class='ocrx_word' id='word_1_19' title='bbox 622 432 821 497; x_wconf 77' lang='lat' dir='ltr'>permixti</span> <span class='ocrx_word' id='word_1_20' title='bbox 844 441 960 487; x_wconf 70' lang='lat' dir='ltr'>sunt,</span> <span class='ocrx_word' id='word_1_21' title='bbox 991 443 1154 494; x_wconf 88' lang='lat' dir='ltr'>quanto</span> <span class='ocrx_word' id='word_1_22' title='bbox 1178 430 1450 477; x_wconf 79' lang='lat' dir='ltr'>excellentior</span> 
     </span>
     <span class='ocr_line' id='line_1_4' title="bbox 75 501 1452 562; baseline -0.003 -14"><span class='ocrx_word' id='word_1_23' title='bbox 75 513 137 548; x_wconf 83' lang='lat' dir='ltr'>est</span> <span class='ocrx_word' id='word_1_24' title='bbox 159 501 323 548; x_wconf 79' lang='lat' dir='ltr'>Christi</span> <span class='ocrx_word' id='word_1_25' title='bbox 355 501 488 562; x_wconf 84' lang='lat' dir='ltr'>gloria</span> <span class='ocrx_word' id='word_1_26' title='bbox 518 503 562 547; x_wconf 90' lang='lat' dir='ltr'>in</span> <span class='ocrx_word' id='word_1_27' title='bbox 592 504 757 548; x_wconf 88' lang='lat' dir='ltr'>unitate</span> <span class='ocrx_word' id='word_1_28' title='bbox 780 501 976 546; x_wconf 88' lang='lat' dir='ltr'>omnium</span> <span class='ocrx_word' id='word_1_29' title='bbox 1008 502 1231 561; x_wconf 66' lang='lat' dir='ltr'>gentium?</span> <span class='ocrx_word' id='word_1_30' title='bbox 1267 501 1452 560; x_wconf 81' lang='lat' dir='ltr'>subjecit</span> 
     </span>
     <span class='ocr_line' id='line_1_5' title="bbox 76 570 1448 628; baseline -0.003 -9"><span class='ocrx_word' id='word_1_31' title='bbox 76 573 220 619; x_wconf 75' lang='lat' dir='ltr'>statim</span> <span class='ocrx_word' id='word_1_32' title='bbox 238 590 249 618; x_wconf 91' lang='lat'>:</span> <span class='ocrx_word' id='word_1_33' title='bbox 270 573 518 619; x_wconf 79' lang='lat' dir='ltr'>«Patientia</span> <span class='ocrx_word' id='word_1_34' title='bbox 550 573 701 628; x_wconf 63' lang='lat' dir='ltr'>Israel,</span> <span class='ocrx_word' id='word_1_35' title='bbox 732 572 931 618; x_wconf 89' lang='lat' dir='ltr'>Domine.</span> <span class='ocrx_word' id='word_1_36' title='bbox 958 594 977 614; x_wconf 67' lang='lat'>&gt;³</span> <span class='ocrx_word' id='word_1_37' title='bbox 997 573 1214 618; x_wconf 84' lang='lat' dir='ltr'>Patienter</span> <span class='ocrx_word' id='word_1_38' title='bbox 1242 572 1357 617; x_wconf 89' lang='lat' dir='ltr'>enim</span> <span class='ocrx_word' id='word_1_39' title='bbox 1382 570 1448 616; x_wconf 88' lang='lat' dir='ltr'>fe-</span> 
     </span>
     <span class='ocr_line' id='line_1_6' title="bbox 76 642 1451 707; baseline -0.002 -18"><span class='ocrx_word' id='word_1_40' title='bbox 76 643 260 690; x_wconf 81' lang='lat' dir='ltr'>rendum</span> <span class='ocrx_word' id='word_1_41' title='bbox 283 654 346 689; x_wconf 90' lang='lat' dir='ltr'>est</span> <span class='ocrx_word' id='word_1_42' title='bbox 369 644 488 707; x_wconf 88' lang='lat' dir='ltr'>quod</span> <span class='ocrx_word' id='word_1_43' title='bbox 513 645 570 690; x_wconf 83' lang='lat' dir='ltr'>ait</span> <span class='ocrx_word' id='word_1_44' title='bbox 591 663 601 690; x_wconf 85' lang='lat'><strong>:</strong></span> <span class='ocrx_word' id='word_1_45' title='bbox 621 667 640 686; x_wconf 86' lang='lat'>«</span> <span class='ocrx_word' id='word_1_46' title='bbox 662 644 798 690; x_wconf 84' lang='lat' dir='ltr'>Sinite</span> <span class='ocrx_word' id='word_1_47' title='bbox 820 653 1003 706; x_wconf 86' lang='lat' dir='ltr'>utraque</span> <span class='ocrx_word' id='word_1_48' title='bbox 1027 660 1213 690; x_wconf 87' lang='lat' dir='ltr'>crescere</span> <span class='ocrx_word' id='word_1_49' title='bbox 1237 659 1372 707; x_wconf 89' lang='lat' dir='ltr'>usque</span> <span class='ocrx_word' id='word_1_50' title='bbox 1397 642 1451 687; x_wconf 82' lang='lat' dir='ltr'>ad</span> 
     </span>
     <span class='ocr_line' id='line_1_7' title="bbox 80 713 1455 779; baseline -0.001 -20"><span class='ocrx_word' id='word_1_51' title='bbox 80 738 99 757; x_wconf 91' lang='lat'>»</span> <span class='ocrx_word' id='word_1_52' title='bbox 113 714 311 760; x_wconf 79' lang='lat' dir='ltr'>messem1</span> <span class='ocrx_word' id='word_1_53' title='bbox 331 732 341 759; x_wconf 71' lang='grc' dir='ltr'>ε</span> <span class='ocrx_word' id='word_1_54' title='bbox 359 736 379 756; x_wconf 83' lang='grc'>»</span> <span class='ocrx_word' id='word_1_55' title='bbox 396 715 727 779; x_wconf 83' lang='lat' dir='ltr'>neimpatientia</span> <span class='ocrx_word' id='word_1_56' title='bbox 747 713 961 759; x_wconf 81' lang='lat' dir='ltr'>tolerandi</span> <span class='ocrx_word' id='word_1_57' title='bbox 986 714 1138 770; x_wconf 77' lang='lat' dir='ltr'>malos.</span> <span class='ocrx_word' id='word_1_58' title='bbox 1153 714 1455 778; x_wconf 82' lang='lat' dir='ltr'>relinquantur</span> 
     </span>
     <span class='ocr_line' id='line_1_8' title="bbox 78 783 1455 849; baseline -0.001 -18"><span class='ocrx_word' id='word_1_59' title='bbox 78 786 206 842; x_wconf 84' lang='lat' dir='ltr'>boni,</span> <span class='ocrx_word' id='word_1_60' title='bbox 231 785 308 849; x_wconf 92' lang='lat' dir='ltr'>qui</span> <span class='ocrx_word' id='word_1_61' title='bbox 331 786 508 849; x_wconf 83' lang='lat' dir='ltr'>proprie</span> <span class='ocrx_word' id='word_1_62' title='bbox 533 797 633 831; x_wconf 84' lang='lat' dir='ltr'>sunt</span> <span class='ocrx_word' id='word_1_63' title='bbox 660 802 820 848; x_wconf 87' lang='lat' dir='ltr'>corpus</span> <span class='ocrx_word' id='word_1_64' title='bbox 851 784 1044 838; x_wconf 82' lang='lat' dir='ltr'>Christi3</span> <span class='ocrx_word' id='word_1_65' title='bbox 1070 795 1113 829; x_wconf 82' lang='lat' dir='ltr'>et</span> <span class='ocrx_word' id='word_1_66' title='bbox 1133 784 1231 830; x_wconf 90' lang='lat' dir='ltr'>ideo</span> <span class='ocrx_word' id='word_1_67' title='bbox 1250 801 1350 830; x_wconf 90' lang='lat' dir='ltr'>cum</span> <span class='ocrx_word' id='word_1_68' title='bbox 1371 783 1455 846; x_wconf 76' lang='lat' dir='ltr'>ipsi</span> 
     </span>
     <span class='ocr_line' id='line_1_9' title="bbox 79 853 1457 920; baseline -0.002 -18"><span class='ocrx_word' id='word_1_69' title='bbox 79 856 400 919; x_wconf 78' lang='lat' dir='ltr'>relinquuntur,</span> <span class='ocrx_word' id='word_1_70' title='bbox 425 856 496 902; x_wconf 90' lang='lat' dir='ltr'>ille</span> <span class='ocrx_word' id='word_1_71' title='bbox 524 853 797 920; x_wconf 83' lang='lat' dir='ltr'>relinquitur.</span> <span class='ocrx_word' id='word_1_72' title='bbox 828 855 954 901; x_wconf 71' lang='lat' dir='ltr'>Unde</span> <span class='ocrx_word' id='word_1_73' title='bbox 972 854 1158 915; x_wconf 78' lang='lat' dir='ltr'>subJ&#39;ecit</span> <span class='ocrx_word' id='word_1_74' title='bbox 1177 865 1304 919; x_wconf 88' lang='lat' dir='ltr'>atque</span> <span class='ocrx_word' id='word_1_75' title='bbox 1328 854 1457 900; x_wconf 87' lang='lat' dir='ltr'>addi-</span> 
     </span>
     <span class='ocr_line' id='line_1_10' title="bbox 79 925 1459 991; baseline -0.001 -19"><span class='ocrx_word' id='word_1_76' title='bbox 79 927 144 972; x_wconf 86' lang='lat' dir='ltr'>dit</span> <span class='ocrx_word' id='word_1_77' title='bbox 166 945 177 971; x_wconf 89' lang='lat'>:</span> <span class='ocrx_word' id='word_1_78' title='bbox 200 948 220 968; x_wconf 87' lang='lat'>«</span> <span class='ocrx_word' id='word_1_79' title='bbox 238 927 435 973; x_wconf 88' lang='lat' dir='ltr'>Universi</span> <span class='ocrx_word' id='word_1_80' title='bbox 466 930 543 991; x_wconf 87' lang='lat' dir='ltr'>qui</span> <span class='ocrx_word' id='word_1_81' title='bbox 569 939 608 973; x_wconf 87' lang='lat' dir='ltr'>te</span> <span class='ocrx_word' id='word_1_82' title='bbox 635 928 961 991; x_wconf 81' lang='lat' dir='ltr'>derelinquunt,</span> <span class='ocrx_word' id='word_1_83' title='bbox 983 937 1224 972; x_wconf 85' lang='lat' dir='ltr'>terreantur</span> <span class='ocrx_word' id='word_1_84' title='bbox 1244 943 1254 971; x_wconf 72' lang='grc' dir='ltr'><strong>ε</strong></span> <span class='ocrx_word' id='word_1_85' title='bbox 1276 925 1459 972; x_wconf 87' lang='lat' dir='ltr'>confun-</span> 
     </span>
     <span class='ocr_line' id='line_1_11' title="bbox 80 996 1460 1062; baseline -0.002 -19"><span class='ocrx_word' id='word_1_86' title='bbox 80 1021 100 1039; x_wconf 85' lang='lat'>»</span> <span class='ocrx_word' id='word_1_87' title='bbox 126 998 288 1044; x_wconf 89' lang='lat' dir='ltr'>dantur</span> <span class='ocrx_word' id='word_1_88' title='bbox 319 999 398 1062; x_wconf 92' lang='lat' dir='ltr'>qui</span> <span class='ocrx_word' id='word_1_89' title='bbox 434 1010 698 1045; x_wconf 86' lang='lat' dir='ltr'>recesserunt</span> <span class='ocrx_word' id='word_1_90' title='bbox 730 999 776 1044; x_wconf 92' lang='lat' dir='ltr'>in</span> <span class='ocrx_word' id='word_1_91' title='bbox 811 998 1013 1044; x_wconf 76' lang='lat' dir='ltr'>terram2.</span> <span class='ocrx_word' id='word_1_92' title='bbox 1039 998 1214 1044; x_wconf 85' lang='lat' dir='ltr'>»Terra</span> <span class='ocrx_word' id='word_1_93' title='bbox 1248 1007 1311 1043; x_wconf 84' lang='lat' dir='ltr'>est</span> <span class='ocrx_word' id='word_1_94' title='bbox 1346 996 1460 1042; x_wconf 86' lang='lat' dir='ltr'>enim</span> 
     </span>
     <span class='ocr_line' id='line_1_12' title="bbox 81 1068 1462 1132; baseline -0.001 -19"><span class='ocrx_word' id='word_1_95' title='bbox 81 1068 214 1114; x_wconf 88' lang='lat' dir='ltr'>homo</span> <span class='ocrx_word' id='word_1_96' title='bbox 241 1068 294 1113; x_wconf 89' lang='lat' dir='ltr'>de</span> <span class='ocrx_word' id='word_1_97' title='bbox 317 1086 359 1114; x_wconf 88' lang='lat' dir='ltr'>se</span> <span class='ocrx_word' id='word_1_98' title='bbox 381 1087 666 1132; x_wconf 69' lang='lat' dir='ltr'>praesumens,</span> <span class='ocrx_word' id='word_1_99' title='bbox 689 1080 818 1132; x_wconf 88' lang='lat' dir='ltr'>atque</span> <span class='ocrx_word' id='word_1_100' title='bbox 843 1068 946 1114; x_wconf 88' lang='lat' dir='ltr'>alios</span> <span class='ocrx_word' id='word_1_101' title='bbox 969 1079 1017 1114; x_wconf 85' lang='lat' dir='ltr'>ut</span> <span class='ocrx_word' id='word_1_102' title='bbox 1035 1068 1088 1114; x_wconf 90' lang='lat' dir='ltr'>de</span> <span class='ocrx_word' id='word_1_103' title='bbox 1106 1068 1201 1132; x_wconf 89' lang='lat' dir='ltr'>ipso</span> <span class='ocrx_word' id='word_1_104' title='bbox 1216 1084 1462 1131; x_wconf 59' lang='lat' dir='ltr'>praesuma«</span> 
     </span>
     <span class='ocr_line' id='line_1_13' title="bbox 82 1138 1463 1203; baseline -0.002 -19"><span class='ocrx_word' id='word_1_105' title='bbox 82 1150 153 1184; x_wconf 86' lang='lat' dir='ltr'>tur</span> <span class='ocrx_word' id='word_1_106' title='bbox 175 1139 384 1185; x_wconf 88' lang='lat' dir='ltr'>inducens</span> <span class='ocrx_word' id='word_1_107' title='bbox 409 1158 418 1184; x_wconf 93' lang='lat'>:</span> <span class='ocrx_word' id='word_1_108' title='bbox 443 1151 485 1185; x_wconf 90' lang='lat' dir='ltr'>et</span> <span class='ocrx_word' id='word_1_109' title='bbox 519 1140 615 1186; x_wconf 89' lang='lat' dir='ltr'>ideo</span> <span class='ocrx_word' id='word_1_110' title='bbox 650 1140 874 1203; x_wconf 84' lang='lat' dir='ltr'>sequitur:</span> <span class='ocrx_word' id='word_1_111' title='bbox 895 1161 914 1180; x_wconf 87' lang='lat'>«</span> <span class='ocrx_word' id='word_1_112' title='bbox 933 1140 1216 1194; x_wconf 74' lang='lat' dir='ltr'>Evertentur,</span> <span class='ocrx_word' id='word_1_113' title='bbox 1257 1138 1463 1202; x_wconf 90' lang='lat' dir='ltr'>quoniam</span> 
     </span>
     <span class='ocr_line' id='line_1_14' title="bbox 83 1208 1460 1273; baseline -0.002 -18"><span class='ocrx_word' id='word_1_114' title='bbox 83 1232 103 1252; x_wconf 73' lang='lat'>&gt;2</span> <span class='ocrx_word' id='word_1_115' title='bbox 129 1208 453 1273; x_wconf 86' lang='lat' dir='ltr'>dereliquerunt</span> <span class='ocrx_word' id='word_1_116' title='bbox 488 1210 650 1257; x_wconf 88' lang='lat' dir='ltr'>fontem</span> <span class='ocrx_word' id='word_1_117' title='bbox 692 1210 795 1256; x_wconf 62' lang='lat' dir='ltr'>vitre</span> <span class='ocrx_word' id='word_1_118' title='bbox 828 1210 1065 1255; x_wconf 89' lang='lat' dir='ltr'>Dominum</span> <span class='ocrx_word' id='word_1_119' title='bbox 1079 1210 1111 1256; x_wconf 76' lang='lat'>3.</span> <span class='ocrx_word' id='word_1_120' title='bbox 1148 1232 1167 1251; x_wconf 81' lang='lat'>›&gt;</span> <span class='ocrx_word' id='word_1_121' title='bbox 1198 1208 1319 1266; x_wconf 85' lang='lat' dir='ltr'>Quid</span> <span class='ocrx_word' id='word_1_122' title='bbox 1346 1208 1460 1253; x_wconf 89' lang='lat' dir='ltr'>enim</span> 
     </span>
     <span class='ocr_line' id='line_1_15' title="bbox 86 1278 1466 1345; baseline -0.003 -19"><span class='ocrx_word' id='word_1_123' title='bbox 86 1280 204 1326; x_wconf 86' lang='lat' dir='ltr'>aliud</span> <span class='ocrx_word' id='word_1_124' title='bbox 228 1280 387 1326; x_wconf 86' lang='lat' dir='ltr'>clamat</span> <span class='ocrx_word' id='word_1_125' title='bbox 408 1281 577 1345; x_wconf 79' lang='lat' dir='ltr'>perdix,</span> <span class='ocrx_word' id='word_1_126' title='bbox 602 1281 685 1326; x_wconf 91' lang='lat' dir='ltr'>nisi</span> <span class='ocrx_word' id='word_1_127' title='bbox 708 1281 826 1344; x_wconf 79' lang='lat' dir='ltr'>apud</span> <span class='ocrx_word' id='word_1_128' title='bbox 849 1298 891 1326; x_wconf 91' lang='lat' dir='ltr'>se</span> <span class='ocrx_word' id='word_1_129' title='bbox 911 1297 996 1326; x_wconf 86' lang='lat' dir='ltr'>esse</span> <span class='ocrx_word' id='word_1_130' title='bbox 1018 1291 1060 1325; x_wconf 90' lang='lat' dir='ltr'>et</span> <span class='ocrx_word' id='word_1_131' title='bbox 1083 1298 1104 1326; x_wconf 88' lang='lat' dir='ltr'>a</span> <span class='ocrx_word' id='word_1_132' title='bbox 1124 1297 1165 1326; x_wconf 87' lang='grc'>56</span> <span class='ocrx_word' id='word_1_133' title='bbox 1188 1279 1283 1325; x_wconf 86' lang='lat' dir='ltr'>dari</span> <span class='ocrx_word' id='word_1_134' title='bbox 1301 1278 1466 1324; x_wconf 89' lang='lat' dir='ltr'>fontem</span> 
     </span>
     <span class='ocr_line' id='line_1_16' title="bbox 86 1347 1468 1416; baseline -0.003 -19"><span class='ocrx_word' id='word_1_135' title='bbox 86 1352 205 1408; x_wconf 78' lang='lat' dir='ltr'>vitae‚</span> <span class='ocrx_word' id='word_1_136' title='bbox 242 1351 295 1397; x_wconf 87' lang='lat' dir='ltr'>ad</span> <span class='ocrx_word' id='word_1_137' title='bbox 330 1369 459 1416; x_wconf 80' lang='lat' dir='ltr'>quein</span> <span class='ocrx_word' id='word_1_138' title='bbox 494 1353 741 1412; x_wconf 78' lang='lat' dir='ltr'>congregati</span> <span class='ocrx_word' id='word_1_139' title='bbox 776 1351 979 1397; x_wconf 84' lang='lat' dir='ltr'>recedant</span> <span class='ocrx_word' id='word_1_140' title='bbox 1012 1358 1036 1396; x_wconf 72' lang='lat' dir='ltr'>a</span> <span class='ocrx_word' id='word_1_141' title='bbox 1070 1351 1265 1407; x_wconf 80' lang='lat' dir='ltr'>Christo,</span> <span class='ocrx_word' id='word_1_142' title='bbox 1302 1347 1468 1395; x_wconf 78' lang='lat' dir='ltr'>Christi</span> 
     </span>
     <span class='ocr_line' id='line_1_17' title="bbox 85 1419 1469 1487; baseline -0.004 -19"><span class='ocrx_word' id='word_1_143' title='bbox 85 1423 368 1487; x_wconf 83' lang='lat' dir='ltr'>promissione</span> <span class='ocrx_word' id='word_1_144' title='bbox 394 1423 582 1487; x_wconf 70' lang='lat' dir='ltr'>decepti,</span> <span class='ocrx_word' id='word_1_145' title='bbox 615 1427 740 1483; x_wconf 83' lang='lat' dir='ltr'>cujus</span> <span class='ocrx_word' id='word_1_146' title='bbox 772 1423 946 1468; x_wconf 88' lang='lat' dir='ltr'>nomine</span> <span class='ocrx_word' id='word_1_147' title='bbox 967 1425 1059 1482; x_wconf 88' lang='lat' dir='ltr'>jam</span> <span class='ocrx_word' id='word_1_148' title='bbox 1090 1422 1350 1467; x_wconf 84' lang='lat' dir='ltr'>tenebantur</span> <span class='ocrx_word' id='word_1_149' title='bbox 1382 1419 1469 1464; x_wconf 90' lang='lat' dir='ltr'>im-</span> 
     </span>
     <span class='ocr_line' id='line_1_18' title="bbox 87 1492 1474 1558; baseline -0.004 -18"><span class='ocrx_word' id='word_1_150' title='bbox 87 1493 212 1540; x_wconf 61' lang='lat' dir='ltr'>buti?</span> <span class='ocrx_word' id='word_1_151' title='bbox 233 1495 330 1538; x_wconf 73' lang='lat' dir='ltr'>Non</span> <span class='ocrx_word' id='word_1_152' title='bbox 349 1495 461 1540; x_wconf 80' lang='lat' dir='ltr'>enini</span> <span class='ocrx_word' id='word_1_153' title='bbox 481 1512 588 1557; x_wconf 88' lang='lat' dir='ltr'>quos</span> <span class='ocrx_word' id='word_1_154' title='bbox 600 1494 786 1558; x_wconf 76' lang='lat' dir='ltr'>peperit,</span> <span class='ocrx_word' id='word_1_155' title='bbox 805 1503 1037 1553; x_wconf 82' lang='lat' dir='ltr'>congregat</span> <span class='ocrx_word' id='word_1_156' title='bbox 1057 1510 1066 1537; x_wconf 94' lang='lat'><strong>:</strong></span> <span class='ocrx_word' id='word_1_157' title='bbox 1085 1492 1158 1537; x_wconf 87' lang='lat' dir='ltr'>sed</span> <span class='ocrx_word' id='word_1_158' title='bbox 1178 1502 1226 1537; x_wconf 87' lang='lat' dir='ltr'>ut</span> <span class='ocrx_word' id='word_1_159' title='bbox 1243 1498 1474 1551; x_wconf 82' lang='lat' dir='ltr'>congreget</span> 
     </span>
     <span class='ocr_line' id='line_1_19' title="bbox 90 1560 1468 1629; baseline -0.003 -20"><span class='ocrx_word' id='word_1_160' title='bbox 90 1581 198 1628; x_wconf 88' lang='lat' dir='ltr'>quos</span> <span class='ocrx_word' id='word_1_161' title='bbox 220 1582 306 1609; x_wconf 90' lang='lat' dir='ltr'>non</span> <span class='ocrx_word' id='word_1_162' title='bbox 323 1566 510 1629; x_wconf 80' lang='lat' dir='ltr'>peperit,</span> <span class='ocrx_word' id='word_1_163' title='bbox 534 1565 642 1611; x_wconf 89' lang='lat' dir='ltr'>dicit</span> <span class='ocrx_word' id='word_1_164' title='bbox 664 1583 674 1610; x_wconf 76' lang='lat' dir='ltr'><strong><em>z</em></strong></span> <span class='ocrx_word' id='word_1_165' title='bbox 697 1586 717 1605; x_wconf 87' lang='lat'>«</span> <span class='ocrx_word' id='word_1_166' title='bbox 740 1565 864 1609; x_wconf 84' lang='lat' dir='ltr'>Salus</span> <span class='ocrx_word' id='word_1_167' title='bbox 882 1580 1014 1626; x_wconf 87' lang='lat' dir='ltr'>quam</span> <span class='ocrx_word' id='word_1_168' title='bbox 1034 1563 1233 1608; x_wconf 82' lang='lat' dir='ltr'>Christus</span> <span class='ocrx_word' id='word_1_169' title='bbox 1251 1560 1468 1626; x_wconf 79' lang='lat' dir='ltr'>promisit,</span> 
     </span>
     <span class='ocr_line' id='line_1_20' title="bbox 91 1632 1471 1698; baseline -0.001 -20"><span class='ocrx_word' id='word_1_170' title='bbox 91 1657 112 1677; x_wconf 80' lang='lat'><strong><em>»</em></strong></span> <span class='ocrx_word' id='word_1_171' title='bbox 126 1634 242 1698; x_wconf 85' lang='lat' dir='ltr'>apud</span> <span class='ocrx_word' id='word_1_172' title='bbox 263 1652 330 1680; x_wconf 90' lang='lat' dir='ltr'>me</span> <span class='ocrx_word' id='word_1_173' title='bbox 344 1646 422 1691; x_wconf 77' lang='lat' dir='ltr'>est,</span> <span class='ocrx_word' id='word_1_174' title='bbox 450 1653 526 1695; x_wconf 78' lang='lat' dir='ltr'>ego</span> <span class='ocrx_word' id='word_1_175' title='bbox 546 1636 703 1683; x_wconf 83' lang='lat' dir='ltr'>dabo5.</span> <span class='ocrx_word' id='word_1_176' title='bbox 733 1658 753 1677; x_wconf 85' lang='lat'>))</span> <span class='ocrx_word' id='word_1_177' title='bbox 778 1634 862 1680; x_wconf 87' lang='lat' dir='ltr'>Sed</span> <span class='ocrx_word' id='word_1_178' title='bbox 877 1634 976 1679; x_wconf 85' lang='lat' dir='ltr'>vide</span> <span class='ocrx_word' id='word_1_179' title='bbox 989 1633 1097 1697; x_wconf 84' lang='lat' dir='ltr'>quid</span> <span class='ocrx_word' id='word_1_180' title='bbox 1112 1634 1189 1678; x_wconf 87' lang='lat' dir='ltr'>iste</span> <span class='ocrx_word' id='word_1_181' title='bbox 1203 1633 1339 1688; x_wconf 80' lang='lat' dir='ltr'>dicat,</span> <span class='ocrx_word' id='word_1_182' title='bbox 1357 1632 1471 1676; x_wconf 83' lang='lat' dir='ltr'>Sana</span> 
     </span>
     <span class='ocr_line' id='line_1_21' title="bbox 93 1701 1470 1762; baseline 0 -14"><span class='ocrx_word' id='word_1_183' title='bbox 93 1727 113 1747; x_wconf 83' lang='lat'>»</span> <span class='ocrx_word' id='word_1_184' title='bbox 130 1722 196 1750; x_wconf 92' lang='lat' dir='ltr'>me</span> <span class='ocrx_word' id='word_1_185' title='bbox 211 1705 413 1761; x_wconf 74' lang='lat' dir='ltr'>Domine,</span> <span class='ocrx_word' id='word_1_186' title='bbox 441 1719 483 1751; x_wconf 86' lang='lat' dir='ltr'>et</span> <span class='ocrx_word' id='word_1_187' title='bbox 500 1706 704 1762; x_wconf 77' lang='lat' dir='ltr'>sanabor,</span> <span class='ocrx_word' id='word_1_188' title='bbox 728 1705 894 1750; x_wconf 80' lang='lat' dir='ltr'>salvum</span> <span class='ocrx_word' id='word_1_189' title='bbox 914 1704 1080 1759; x_wconf 81' lang='lat' dir='ltr'>mefac,</span> <span class='ocrx_word' id='word_1_190' title='bbox 1104 1714 1146 1749; x_wconf 89' lang='lat' dir='ltr'>et</span> <span class='ocrx_word' id='word_1_191' title='bbox 1165 1703 1307 1749; x_wconf 86' lang='lat' dir='ltr'>salvus</span> <span class='ocrx_word' id='word_1_192' title='bbox 1320 1701 1434 1748; x_wconf 56' lang='lat' dir='ltr'>erol’.</span> <span class='ocrx_word' id='word_1_193' title='bbox 1451 1722 1470 1741; x_wconf 65' lang='lat' dir='ltr'>n</span> 
     </span>
     <span class='ocr_line' id='line_1_22' title="bbox 94 1772 1472 1839; baseline -0.002 -18"><span class='ocrx_word' id='word_1_194' title='bbox 94 1775 219 1821; x_wconf 79' lang='lat' dir='ltr'>Unde</span> <span class='ocrx_word' id='word_1_195' title='bbox 251 1776 483 1839; x_wconf 85' lang='lat' dir='ltr'>Apostolus</span> <span class='ocrx_word' id='word_1_196' title='bbox 515 1777 625 1822; x_wconf 89' lang='lat' dir='ltr'>dicit</span> <span class='ocrx_word' id='word_1_197' title='bbox 649 1795 658 1822; x_wconf 92' lang='lat'><strong>:</strong></span> <span class='ocrx_word' id='word_1_198' title='bbox 685 1778 862 1822; x_wconf 81' lang='lat' dir='ltr'>«Nemo</span> <span class='ocrx_word' id='word_1_199' title='bbox 888 1775 1094 1835; x_wconf 79' lang='lat' dir='ltr'>glorietur</span> <span class='ocrx_word' id='word_1_200' title='bbox 1121 1775 1168 1820; x_wconf 89' lang='lat' dir='ltr'>in</span> <span class='ocrx_word' id='word_1_201' title='bbox 1206 1772 1472 1820; x_wconf 66' lang='lat' dir='ltr'>homine-52»</span> 
     </span>
     <span class='ocr_line' id='line_1_23' title="bbox 95 1843 1476 1908; baseline -0.002 -17"><span class='ocrx_word' id='word_1_202' title='bbox 95 1857 136 1892; x_wconf 87' lang='lat' dir='ltr'>et</span> <span class='ocrx_word' id='word_1_203' title='bbox 162 1846 239 1891; x_wconf 90' lang='lat' dir='ltr'>iste</span> <span class='ocrx_word' id='word_1_204' title='bbox 268 1847 494 1908; x_wconf 84' lang='lat' dir='ltr'>subjungit</span> <span class='ocrx_word' id='word_1_205' title='bbox 517 1866 527 1892; x_wconf 90' lang='lat'>:</span> <span class='ocrx_word' id='word_1_206' title='bbox 553 1870 572 1889; x_wconf 91' lang='lat'>«</span> <span class='ocrx_word' id='word_1_207' title='bbox 599 1848 818 1904; x_wconf 80' lang='lat' dir='ltr'>Quoniam</span> <span class='ocrx_word' id='word_1_208' title='bbox 844 1845 1043 1906; x_wconf 80' lang='lat' dir='ltr'>gloriatio</span> <span class='ocrx_word' id='word_1_209' title='bbox 1068 1862 1161 1890; x_wconf 87' lang='lat' dir='ltr'>mea</span> <span class='ocrx_word' id='word_1_210' title='bbox 1188 1855 1236 1892; x_wconf 88' lang='lat' dir='ltr'>tu</span> <span class='ocrx_word' id='word_1_211' title='bbox 1262 1862 1318 1891; x_wconf 86' lang='grc'>65.</span> <span class='ocrx_word' id='word_1_212' title='bbox 1350 1865 1370 1885; x_wconf 78' lang='grc'>&gt;&gt;</span> <span class='ocrx_word' id='word_1_213' title='bbox 1398 1843 1476 1888; x_wconf 87' lang='lat' dir='ltr'>His</span> 
     </span>
     <span class='ocr_line' id='line_1_24' title="bbox 95 1915 1478 1980; baseline -0.002 -18"><span class='ocrx_word' id='word_1_214' title='bbox 95 1916 237 1963; x_wconf 90' lang='lat' dir='ltr'>modis</span> <span class='ocrx_word' id='word_1_215' title='bbox 253 1934 330 1963; x_wconf 91' lang='lat' dir='ltr'>nos</span> <span class='ocrx_word' id='word_1_216' title='bbox 350 1917 606 1963; x_wconf 82' lang='lat' dir='ltr'>instruimus</span> <span class='ocrx_word' id='word_1_217' title='bbox 626 1918 851 1963; x_wconf 87' lang='lat' dir='ltr'>hominem</span> <span class='ocrx_word' id='word_1_218' title='bbox 869 1934 917 1962; x_wconf 84' lang='lat' dir='ltr'>ex</span> <span class='ocrx_word' id='word_1_219' title='bbox 936 1916 1174 1980; x_wconf 86' lang='lat' dir='ltr'>apostolica</span> <span class='ocrx_word' id='word_1_220' title='bbox 1191 1915 1478 1979; x_wconf 85' lang='lat' dir='ltr'>prophetica-</span> 
     </span>
     <span class='ocr_line' id='line_1_25' title="bbox 96 1986 1478 2051; baseline -0.002 -18"><span class='ocrx_word' id='word_1_221' title='bbox 96 2004 182 2051; x_wconf 88' lang='lat' dir='ltr'>que</span> <span class='ocrx_word' id='word_1_222' title='bbox 207 1987 430 2043; x_wconf 77' lang='lat' dir='ltr'>doctrina,</span> <span class='ocrx_word' id='word_1_223' title='bbox 459 1998 507 2033; x_wconf 92' lang='lat' dir='ltr'>ut</span> <span class='ocrx_word' id='word_1_224' title='bbox 538 1988 779 2033; x_wconf 60' lang='lat' dir='ltr'>aedificetur</span> <span class='ocrx_word' id='word_1_225' title='bbox 808 2004 937 2051; x_wconf 85' lang='lat' dir='ltr'>super</span> <span class='ocrx_word' id='word_1_226' title='bbox 972 1986 1260 2032; x_wconf 85' lang='lat' dir='ltr'>fundamenta</span> <span class='ocrx_word' id='word_1_227' title='bbox 1286 1988 1478 2049; x_wconf 85' lang='lat' dir='ltr'>Aposto-</span> 
     </span>
     <span class='ocr_line' id='line_1_26' title="bbox 97 2056 717 2121; baseline 0.003 -19"><span class='ocrx_word' id='word_1_228' title='bbox 97 2056 240 2103; x_wconf 90' lang='lat' dir='ltr'>lorum</span> <span class='ocrx_word' id='word_1_229' title='bbox 265 2067 307 2102; x_wconf 90' lang='lat' dir='ltr'>et</span> <span class='ocrx_word' id='word_1_230' title='bbox 330 2058 670 2121; x_wconf 83' lang='lat' dir='ltr'>Prophetarum.</span> <span class='ocrx_word' id='word_1_231' title='bbox 696 2080 717 2099; x_wconf 66' lang='lat'>&gt;³</span> 
     </span>
    </p>

    <p class='ocr_par' dir='ltr' id='par_1_3' title="bbox 101 2127 1491 2544">
     <span class='ocr_line' id='line_1_27' title="bbox 166 2127 1482 2192; baseline -0.001 -19"><span class='ocrx_word' id='word_1_232' title='bbox 166 2128 308 2175; x_wconf 72' lang='lat' dir='ltr'>XVII.</span> <span class='ocrx_word' id='word_1_233' title='bbox 351 2129 532 2175; x_wconf 83' lang='lat' dir='ltr'>Faustus</span> <span class='ocrx_word' id='word_1_234' title='bbox 567 2140 710 2174; x_wconf 87' lang='lat' dir='ltr'>autem</span> <span class='ocrx_word' id='word_1_235' title='bbox 751 2128 971 2192; x_wconf 87' lang='lat' dir='ltr'>quomodo</span> <span class='ocrx_word' id='word_1_236' title='bbox 1006 2127 1284 2192; x_wconf 87' lang='lat' dir='ltr'>persuaderet</span> <span class='ocrx_word' id='word_1_237' title='bbox 1318 2127 1482 2173; x_wconf 81' lang='lat' dir='ltr'>divini-</span> 
     </span>
     <span class='ocr_line' id='line_1_28' title="bbox 101 2198 1479 2262; baseline -0.002 -17"><span class='ocrx_word' id='word_1_238' title='bbox 101 2209 231 2246; x_wconf 86' lang='lat' dir='ltr'>tatem</span> <span class='ocrx_word' id='word_1_239' title='bbox 256 2198 423 2244; x_wconf 88' lang='lat' dir='ltr'>Christi</span> <span class='ocrx_word' id='word_1_240' title='bbox 451 2199 619 2245; x_wconf 89' lang='lat' dir='ltr'>homini</span> <span class='ocrx_word' id='word_1_241' title='bbox 643 2199 809 2259; x_wconf 77' lang='lat' dir='ltr'>gentili,</span> <span class='ocrx_word' id='word_1_242' title='bbox 837 2216 966 2262; x_wconf 89' lang='lat' dir='ltr'>quem</span> <span class='ocrx_word' id='word_1_243' title='bbox 991 2199 1218 2244; x_wconf 86' lang='lat' dir='ltr'>constituit</span> <span class='ocrx_word' id='word_1_244' title='bbox 1234 2198 1479 2244; x_wconf 87' lang='lat' dir='ltr'>dicentem:</span> 
     </span>
     <span class='ocr_line' id='line_1_29' title="bbox 104 2269 1485 2334; baseline -0.003 -16"><span class='ocrx_word' id='word_1_245' title='bbox 104 2272 194 2318; x_wconf 87' lang='lat' dir='ltr'>Nec</span> <span class='ocrx_word' id='word_1_246' title='bbox 226 2271 460 2334; x_wconf 84' lang='lat' dir='ltr'>Prophetis</span> <span class='ocrx_word' id='word_1_247' title='bbox 489 2271 619 2317; x_wconf 87' lang='lat' dir='ltr'>credo</span> <span class='ocrx_word' id='word_1_248' title='bbox 643 2271 696 2317; x_wconf 85' lang='lat' dir='ltr'>de</span> <span class='ocrx_word' id='word_1_249' title='bbox 729 2271 936 2325; x_wconf 83' lang='lat' dir='ltr'>Christ03</span> <span class='ocrx_word' id='word_1_250' title='bbox 967 2288 1046 2317; x_wconf 91' lang='lat' dir='ltr'>nec</span> <span class='ocrx_word' id='word_1_251' title='bbox 1078 2271 1255 2317; x_wconf 86' lang='lat' dir='ltr'>Christo</span> <span class='ocrx_word' id='word_1_252' title='bbox 1287 2269 1341 2315; x_wconf 89' lang='lat' dir='ltr'>de</span> <span class='ocrx_word' id='word_1_253' title='bbox 1371 2270 1485 2315; x_wconf 90' lang='lat' dir='ltr'>Pro-</span> 
     </span>
     <span class='ocr_line' id='line_1_30' title="bbox 103 2340 1486 2407; baseline -0.002 -21"><span class='ocrx_word' id='word_1_254' title='bbox 103 2340 263 2407; x_wconf 85' lang='lat' dir='ltr'>phetis.</span> <span class='ocrx_word' id='word_1_255' title='bbox 293 2345 362 2387; x_wconf 88' lang='lat' dir='ltr'>An</span> <span class='ocrx_word' id='word_1_256' title='bbox 397 2342 573 2388; x_wconf 89' lang='lat' dir='ltr'>Christo</span> <span class='ocrx_word' id='word_1_257' title='bbox 603 2341 795 2388; x_wconf 85' lang='lat' dir='ltr'>crederet</span> <span class='ocrx_word' id='word_1_258' title='bbox 825 2342 877 2387; x_wconf 87' lang='lat' dir='ltr'>de</span> <span class='ocrx_word' id='word_1_259' title='bbox 903 2359 946 2388; x_wconf 91' lang='lat' dir='ltr'>se</span> <span class='ocrx_word' id='word_1_260' title='bbox 968 2343 1064 2406; x_wconf 88' lang='lat' dir='ltr'>ipso</span> <span class='ocrx_word' id='word_1_261' title='bbox 1090 2341 1270 2397; x_wconf 79' lang='lat' dir='ltr'>dicenti,</span> <span class='ocrx_word' id='word_1_262' title='bbox 1298 2340 1369 2386; x_wconf 91' lang='lat' dir='ltr'>cui</span> <span class='ocrx_word' id='word_1_263' title='bbox 1397 2355 1486 2385; x_wconf 90' lang='lat' dir='ltr'>non</span> 
     </span>
     <span class='ocr_line' id='line_1_31' title="bbox 107 2411 1487 2474; baseline 0 -18"><span class='ocrx_word' id='word_1_264' title='bbox 107 2411 301 2457; x_wconf 89' lang='lat' dir='ltr'>crederet</span> <span class='ocrx_word' id='word_1_265' title='bbox 322 2411 376 2457; x_wconf 91' lang='lat' dir='ltr'>de</span> <span class='ocrx_word' id='word_1_266' title='bbox 397 2412 489 2458; x_wconf 84' lang='lat' dir='ltr'>aliis</span> <span class='ocrx_word' id='word_1_267' title='bbox 507 2413 784 2458; x_wconf 57' lang='lat' dir='ltr'>testificanti?</span> <span class='ocrx_word' id='word_1_268' title='bbox 812 2413 918 2459; x_wconf 87' lang='lat' dir='ltr'>Vere</span> <span class='ocrx_word' id='word_1_269' title='bbox 941 2413 1177 2459; x_wconf 87' lang='lat' dir='ltr'>ridiculum</span> <span class='ocrx_word' id='word_1_270' title='bbox 1201 2422 1263 2457; x_wconf 87' lang='lat' dir='ltr'>est</span> <span class='ocrx_word' id='word_1_271' title='bbox 1286 2411 1373 2456; x_wconf 87' lang='lat' dir='ltr'>hoc</span> <span class='ocrx_word' id='word_1_272' title='bbox 1398 2426 1487 2474; x_wconf 86' lang='lat' dir='ltr'>pu-</span> 
     </span>
     <span class='ocr_line' id='line_1_32' title="bbox 107 2482 1491 2544; baseline -0.001 -17"><span class='ocrx_word' id='word_1_273' title='bbox 107 2491 213 2528; x_wconf 86' lang='lat' dir='ltr'>tare.</span> <span class='ocrx_word' id='word_1_274' title='bbox 253 2482 396 2539; x_wconf 89' lang='lat' dir='ltr'>Quem</span> <span class='ocrx_word' id='word_1_275' title='bbox 425 2483 558 2529; x_wconf 88' lang='lat' dir='ltr'>semel</span> <span class='ocrx_word' id='word_1_276' title='bbox 588 2483 703 2529; x_wconf 90' lang='lat' dir='ltr'>enim</span> <span class='ocrx_word' id='word_1_277' title='bbox 739 2483 920 2544; x_wconf 85' lang='lat' dir='ltr'>dignum</span> <span class='ocrx_word' id='word_1_278' title='bbox 951 2483 1037 2530; x_wconf 90' lang='lat' dir='ltr'>fide</span> <span class='ocrx_word' id='word_1_279' title='bbox 1064 2501 1153 2529; x_wconf 89' lang='lat' dir='ltr'>non</span> <span class='ocrx_word' id='word_1_280' title='bbox 1183 2482 1379 2538; x_wconf 85' lang='lat' dir='ltr'>duceret,</span> <span class='ocrx_word' id='word_1_281' title='bbox 1417 2490 1491 2526; x_wconf 85' lang='lat' dir='ltr'>aut</span> 
     </span>
    </p>
   </div>
   <div class='ocr_carea' id='block_1_3' title="bbox 111 2569 1491 2672">
    <p class='ocr_par' dir='ltr' id='par_1_4' title="bbox 111 2569 1491 2672">
     <span class='ocr_line' id='line_1_33' title="bbox 158 2569 1491 2613; baseline 0.004 -10"><span class='ocrx_word' id='word_1_282' title='bbox 158 2572 168 2594; x_wconf 89' lang='lat'><strong>¹</strong></span> <span class='ocrx_word' id='word_1_283' title='bbox 188 2571 410 2611; x_wconf 75' lang='lat' dir='ltr'>Matth.x=11‚</span> <span class='ocrx_word' id='word_1_284' title='bbox 429 2575 483 2608; x_wconf 82' lang='lat'>30.</span> <span class='ocrx_word' id='word_1_285' title='bbox 500 2592 546 2597; x_wconf 89' lang='lat'>—</span> <span class='ocrx_word' id='word_1_286' title='bbox 562 2572 578 2596; x_wconf 81' lang='lat'><strong>2</strong></span> <span class='ocrx_word' id='word_1_287' title='bbox 596 2577 717 2609; x_wconf 71' lang='lat' dir='ltr'>Jerem.</span> <span class='ocrx_word' id='word_1_288' title='bbox 734 2585 817 2613; x_wconf 77' lang='lat' dir='ltr'>xvn,</span> <span class='ocrx_word' id='word_1_289' title='bbox 844 2576 948 2609; x_wconf 82' lang='lat'>13.—</span> <span class='ocrx_word' id='word_1_290' title='bbox 967 2571 1085 2608; x_wconf 76' lang='lat' dir='ltr'>31bid.</span> <span class='ocrx_word' id='word_1_291' title='bbox 1112 2579 1215 2611; x_wconf 77' lang='lat'><strong>14.--</strong></span> <span class='ocrx_word' id='word_1_292' title='bbox 1231 2569 1245 2594; x_wconf 82' lang='lat'>⁴</span> <span class='ocrx_word' id='word_1_293' title='bbox 1266 2583 1278 2603; x_wconf 88' lang='lat'>1</span> <span class='ocrx_word' id='word_1_294' title='bbox 1299 2573 1375 2604; x_wconf 62' lang='lat' dir='ltr'>CO?-</span> <span class='ocrx_word' id='word_1_295' title='bbox 1391 2582 1415 2608; x_wconf 64' lang='grc' dir='ltr'>Ι,</span> <span class='ocrx_word' id='word_1_296' title='bbox 1435 2572 1491 2604; x_wconf 77' lang='lat'>31·</span> 
     </span>
     <span class='ocr_line' id='line_1_34' title="bbox 111 2623 846 2672; baseline 0.003 -14"><span class='ocrx_word' id='word_1_297' title='bbox 111 2623 182 2648; x_wconf 82' lang='lat'>--·5</span> <span class='ocrx_word' id='word_1_298' title='bbox 200 2628 320 2659; x_wconf 83' lang='lat' dir='ltr'>Jerem.</span> <span class='ocrx_word' id='word_1_299' title='bbox 342 2637 417 2659; x_wconf 67' lang='lat' dir='ltr'>xvii.</span> <span class='ocrx_word' id='word_1_300' title='bbox 442 2633 493 2664; x_wconf 64' lang='lat'>14.</span> <span class='ocrx_word' id='word_1_301' title='bbox 509 2625 579 2651; x_wconf 75' lang='grc'>-6</span> <span class='ocrx_word' id='word_1_302' title='bbox 597 2627 714 2672; x_wconf 80' lang='lat' dir='ltr'>Ephes.</span> <span class='ocrx_word' id='word_1_303' title='bbox 734 2640 773 2671; x_wconf 84' lang='lat'>11,</span> <span class='ocrx_word' id='word_1_304' title='bbox 794 2640 846 2660; x_wconf 84' lang='lat'>20.</span> 
     </span>
    </p>
   </div>
  </div>
 </body>
</html>
