1795 3253
335 216 428 272 :346
744 232 779 261 s.
822 231 1066 263 Aecrsrim
1103 233 1308 264 emscom

335 296 483 341 datum
500 294 804 341 indumentum
824 295 1002 342 honoris
1019 307 1059 342 et
1083 296 1232 356 glorize
1258 316 1268 343 t
1293 297 1405 345 sicut
1429 317 1588 365 corpus
1607 301 1713 350 Jesu

337 365 498 409 (Iliristi
516 402 526 413 .
546 365 665 429 quod
685 376 745 410 est
768 365 980 414 Ecclesia.
1017 367 1262 413 adversario
1286 368 1329 414 in
1353 370 1437 415 sine
1465 381 1712 434 temporum

334 435 641 500 perjudicium
659 447 879 499 superato.
911 455 931 482 a
948 437 1069 482 luctu
1096 437 1450 500 peregrinationis
1470 440 1512 485 in
1533 441 1715 501 gloriani

335 506 606 569 sempiterna¹
630 505 778 551 salutis
798 507 1039 553 assumitur.
1071 509 1198 564 Quod
1229 509 1355 554 ctiam
1378 510 1422 555 in
1442 511 1616 557 Psalmo
1634 512 1715 558 de-

334 575 562 622 dicationis
582 576 738 621 domus
763 577 1028 639 apertissime
1048 579 1219 624 canitur
1244 596 1254 623 t
1283 601 1301 619 «
1324 580 1586 626 Convertisti
1614 583 1715 629 luc-

339 669 354 687 ·›
379 657 468 692 tum
491 646 686 692 meumin
698 647 905 707 gaudium
923 648 1054 698 milii,
1077 649 1329 696 conscidisti
1347 668 1522 697 saccum
1542 669 1684 698 meum
1699 690 1710 709 ‚

336 741 355 759 »
380 728 421 763 et
444 717 665 763 accinxisti
686 735 752 763 me
773 718 923 764 laetitia
945 756 956 775 ‚
985 729 1032 764 ut
1051 729 1197 764 cantet
1218 720 1300 766 tibi
1331 721 1464 781 gloria
1507 740 1601 769 mea
1624 761 1636 780 ,
1673 734 1715 769 et

337 811 356 830 υ
382 805 470 834 non
490 787 805 851 compungar'l.
830 810 850 829 »

399 860 626 906 XXXVII.
671 860 780 915 Quis
808 870 950 923 potest
986 877 1033 905 ex
1071 860 1298 907 occasione
1327 862 1503 908 alterius
1538 865 1679 928 operis
1702 903 1712 921 ‚

336 931 480 977 onmia
508 948 606 995 quae
625 930 668 976 in
684 930 766 976 illis
790 931 1007 976 veteribus
1026 932 1151 991 Legis
1171 942 1212 977 et
1233 933 1554 996 Prophetarum
1572 936 1718 982 Libris

337 1002 518 1062 figurate
534 1001 760 1047 Christum
783 1001 1069 1057 annuntiant,
1090 1002 1367 1065 quantalibet
1386 1003 1599 1050 brevitate
1614 1023 1717 1069 per-

337 1071 573 1132 stringere?
601 1071 691 1117 Nisi
720 1070 830 1118 sorte
855 1071 952 1135 quis
972 1082 1099 1135 putat
1120 1073 1293 1133 ingenio
1322 1073 1442 1127 fieri,
1471 1085 1519 1120 ut
1546 1092 1593 1120 ea
1617 1093 1718 1140 quae

336 1159 479 1188 rerum
499 1141 650 1187 ordine
683 1160 761 1205 per
788 1159 864 1188 sua
899 1153 1095 1205 tempora
1123 1155 1442 1200 cucurrerunt,
1471 1144 1525 1190 ad
1550 1145 1718 1192 Christi

337 1212 673 1273 significationes
699 1212 1027 1276 interpretando
1051 1224 1288 1261 vertantur.
1319 1214 1416 1260 Hoc
1440 1213 1550 1260 forte
1573 1215 1719 1262 Judaei

336 1294 517 1348 possunt
539 1283 680 1329 dicere
695 1321 706 1340 ,
728 1283 815 1330 sive
832 1284 1025 1344 Pagani:
1048 1284 1106 1329 eis
1125 1295 1268 1330 autem
1290 1285 1366 1348 qui
1386 1302 1427 1330 se
1447 1285 1720 1333 Christianos

336 1354 486 1419 putari
510 1354 693 1411 volunt,
732 1355 895 1419 premit
925 1354 1138 1401 cervicem
1171 1355 1423 1419 Apostolica
1460 1357 1716 1415 auctoritas,

337 1425 484 1472 dicens
509 1444 520 1472 :
550 1448 569 1467 «
591 1426 751 1472 Omnia
777 1426 876 1472 haec
893 1426 939 1472 in
958 1427 1097 1486 figura
1113 1425 1424 1487 contingebant
1437 1426 1551 1473 illis2
1575 1445 1585 1472 :
1610 1451 1629 1469 »
1648 1439 1715 1485 et,

337 1520 356 1540 «
374 1500 481 1545 Haec
498 1499 644 1545 omnia
663 1500 816 1560 figurae
837 1509 997 1545 nostrae
1020 1499 1283 1547 fueru11t3.»
1303 1499 1416 1546 Nam
1443 1499 1477 1545 si
1502 1498 1658 1546 Isma'e'l
1680 1509 1721 1545 et

337 1570 459 1616 Isaac
498 1569 696 1615 homines
719 1570 836 1626 nati,
865 1569 954 1615 duo
985 1571 1261 1616 Testamenta
1299 1569 1569 1630 significant,
1611 1568 1720 1634 quid

335 1641 601 1687 credendum
636 1652 697 1687 est
725 1641 778 1687 de
805 1652 867 1687 tot
904 1640 1055 1699 factis,
1090 1660 1191 1706 quae
1230 1641 1352 1687 nullo
1378 1641 1567 1687 naturali
1610 1658 1718 1698 usu,

336 1712 456 1759 nulla
481 1712 641 1773 negotii
662 1713 913 1759 necessitate
935 1712 1048 1759 sacta
1071 1716 1200 1760 sunt?
1226 1712 1420 1758 nihil—ne
1446 1712 1720 1773 significanti)

339 1785 385 1830 Si
407 1784 504 1848 quis
532 1795 732 1830 nostrum
747 1822 760 1842 ,
790 1784 866 1849 qui
890 1784 1089 1830 hebr-aeas
1107 1784 1272 1830 litteras
1291 1821 1302 1839 ‚
1330 1783 1374 1829 id
1397 1794 1458 1829 est
1473 1821 1483 1839 ‚
1505 1784 1623 1847 ipsos
1640 1778 1723 1830 vo·-

338 1872 438 1901 cum
458 1855 730 1901 characteres
745 1892 756 1912 ‚
784 1855 953 1901 videret
973 1872 1041 1901 eas
1059 1856 1104 1901 in
1122 1855 1287 1919 pariete
1310 1854 1580 1918 conscriptas
1598 1891 1609 1910 ,
1634 1854 1723 1900 ho-

337 1937 491 1972 norato
527 1925 675 1990 aliquo
702 1925 829 1981 loco3
862 1926 960 1990 quis
987 1936 1093 1972 esset
1116 1937 1204 1972 tam
1226 1941 1370 1970 excors
1391 1962 1401 1980 ‚
1431 1935 1478 1970 ut
1507 1941 1556 1970 eo
1590 1924 1722 1970 modo

334 1996 504 2061 pictum
522 1997 731 2060 parietem
746 1999 949 2061 putaret?
987 2014 1131 2042 annon
1152 1995 1298 2060 potius
1312 1994 1568 2055 intelligeret
1587 1994 1723 2058 Scrip-

339 2079 432 2114 tum
449 2106 460 2124 ‚
491 2078 539 2114 ut
561 2067 594 2113 si
614 2067 752 2128 legere
771 2085 857 2113 non
882 2068 1071 2125 valeret,
1097 2085 1185 2113 non
1210 2078 1354 2113 tamen
1369 2066 1466 2112 illos
1485 2065 1628 2130 apices
1648 2065 1724 2111 ali-

335 2139 442 2204 quid
467 2139 709 2199 significare
728 2138 984 2185 dubitaret?
1006 2140 1071 2185 lta
1087 2138 1210 2202 prius
1226 2137 1300 2184 illa
1320 2136 1485 2193 omnia,
1506 2152 1606 2200 quae
1624 2146 1724 2182 sunt

337 2210 383 2256 in
398 2209 540 2255 Veteri
558 2210 852 2255 Instrumento
878 2210 1206 2274 Scripturarum
1227 2219 1475 2254 sanctarum
1494 2244 1505 2263 ‚
1528 2206 1724 2270 quisquis

337 2298 425 2335 non
449 2297 652 2345 perverso
678 2280 820 2326 animo
843 2280 1010 2342 legerit,
1035 2280 1096 2327 sic
1120 2289 1292 2344 oportet
1311 2288 1554 2334 moveatur,
1580 2287 1627 2323 ut
1648 2275 1724 2323 ali-

335 2351 445 2417 quid
470 2369 516 2397 ea
543 2350 785 2411 significare
807 2369 893 2397 non
914 2352 1124 2412 ambigat.

403 2421 654 2469 XXXVIII.
696 2421 829 2469 Verbi
853 2422 969 2468 enim
996 2422 1133 2484 gratia
1152 2459 1163 2478 ‚
1192 2419 1411 2485 numquid
1438 2418 1472 2466 si
1492 2417 1726 2483 oportebat

332 2492 601 2555 adjutorium
623 2493 719 2540 viro
750 2491 979 2541 foeminam
1015 2492 1155 2550 fierit,
1201 2491 1332 2539 etiam
1371 2491 1460 2538 hoc
1494 2488 1722 2537 necessitas

382 2577 596 2613 ¹Psal.xx1x,
616 2587 725 2609 11.—
739 2574 755 2598 ²
773 2587 784 2607 1
806 2578 879 2609 Cor.
895 2588 925 2616 x,
946 2588 994 2610 ro.
1013 2590 1054 2597 ·-
1072 2574 1088 2599 ³
1102 2577 1207 2610 Galat.
1230 2587 1274 2616 xv,
1296 2581 1406 2612 ²4·—
1421 2571 1586 2611 ⁴Gen.11‚
1608 2572 1722 2605 18-21.
