1795 3253
272 201 446 232 CONTRA
480 201 685 232 FAUSTUM
720 199 1025 242 MANJCHAEUM,
1064 202 1151 234 Lm.
1193 204 1285 235 xV1.
1384 190 1477 245 543

108 264 224 320 tatis,
247 276 296 311 ut
318 283 396 312 nec
416 265 580 312 factum
600 284 622 312 a
643 266 752 321 Deo,
771 264 844 310 sed
869 265 1092 328 prolatum
1111 266 1178 313 vel
1200 269 1375 315 missum
1394 288 1480 317 esse

107 333 303 383 credatis.
340 336 455 382 Deus
490 342 631 381 autem
654 352 795 390 verus,
826 334 872 380 in
903 352 1031 398 quem
1069 337 1264 383 nondum
1301 357 1323 384 a
1357 341 1480 388 vobis

106 403 224 450 credi
241 406 423 452 nimium
440 406 582 463 doleo,
607 417 649 452 et
666 405 897 452 colubrum
916 406 1017 451 feeit
1036 407 1147 452 inter
1161 408 1239 453 alia
1258 409 1475 469 inferiora,

104 484 145 519 et
168 474 296 520 solem
322 476 433 522 inter
458 477 538 522 alia
568 477 819 540 superiora3
847 486 888 521 et
915 475 1062 521 adhue
1085 477 1129 522 in
1150 479 1479 527 sublimioribus

103 560 191 589 non
205 546 506 608 corporalibus
518 546 782 602 coelestibus,
805 544 875 590 sed
889 549 978 604 jam
997 546 1041 591 in
1060 547 1328 609 spiritalibus
1346 552 1481 598 multa

101 611 181 658 ista
204 613 300 660 luce
320 615 445 676 longe
474 617 670 671 meliora,
700 632 799 679 quae
828 615 1008 661 carnalis
1028 616 1160 662 homo
1185 618 1369 681 quilibet
1392 639 1480 668 non

100 683 290 747 percipit
319 702 329 729 ε
359 696 522 749 quanto
546 686 679 745 magis
715 702 807 741 VOS,
841 684 916 748 qui
949 702 1048 731 cum
1083 704 1255 733 carnem
1290 689 1478 737 detesta—

100 750 224 810 mini,
240 755 352 802 nihil
376 757 494 802 aliud
514 774 643 820 quam
666 766 849 803 vestram
869 756 1059 816 regulam
1080 755 1368 817 detestamini,
1391 779 1477 825 qua

99 822 216 869 bona
248 835 290 870 et
313 826 427 872 mala
450 827 676 873 metimini.
706 827 854 890 Neque
876 826 991 871 enim
1017 837 1156 889 potest
1178 828 1222 873 in
1246 831 1370 876 vobis
1390 850 1475 877 esse

99 894 303 954 cogitatio
324 896 391 943 vel
423 898 655 953 malorum,
688 898 769 943 nisi
795 897 998 961 qualibus
1029 897 1212 944 carnalis
1235 917 1380 947 sensus
1405 901 1475 948 of-

96 961 290 1011 fenditur
310 986 321 1020 ;
372 968 439 1013 vel
479 968 695 1014 bonorum
716 1005 726 1023 ‚
772 968 854 1014 nisi
889 967 1094 1031 qualibus
1137 970 1320 1016 carnalis
1366 973 1475 1018 acies

98 1032 353 1084 oblectatur.

161 1104 212 1152 V.
254 1107 313 1152 Ut
337 1124 436 1168 ergo
459 1108 538 1153 ista
560 1107 706 1153 inimo
731 1125 872 1153 rerum
898 1124 1030 1170 opera
1058 1107 1135 1152 Dei
1153 1145 1164 1164 ,
1192 1119 1375 1166 terrena,
1399 1111 1472 1158 in-

94 1175 237 1233 firma,
276 1177 472 1222 mortalia
489 1213 500 1233 ‚
529 1176 601 1222 sed
626 1188 766 1223 tamen
789 1195 919 1241 opera
947 1178 1044 1233 Dei,
1067 1178 1211 1241 qualia
1246 1196 1471 1242 possumus

93 1246 256 1303 videre‚
289 1247 574 1303 considerem,
612 1248 887 1294 ineffabiliter
909 1265 1083 1294 moveor
1105 1249 1231 1294 laude
1257 1251 1471 1300 Creatoris

52 1328 65 1335 “
93 1316 288 1374 illorum,
312 1318 386 1381 qui
413 1335 586 1381 prorsus
607 1318 667 1363 ita
692 1336 871 1379 magnus
890 1329 950 1364 est
973 1319 1017 1364 in
1041 1319 1247 1382 operibus
1271 1324 1436 1382 magnis
1453 1362 1464 1380 ‚

93 1398 142 1432 ut
160 1389 304 1434 minor
326 1406 411 1434 non
437 1388 554 1434 sitin
576 1388 779 1435 minimis.
817 1390 896 1435 Ars
928 1390 1042 1434 enim
1065 1390 1230 1446 divina,
1259 1408 1346 1454 quo
1372 1410 1469 1439 coe-

90 1456 211 1504 lestia
233 1469 274 1504 et
298 1470 463 1505 terrena
496 1476 625 1522 opera
658 1459 770 1504 fiunt
787 1496 797 1511 ‚
825 1477 924 1505 cum
958 1477 1005 1505 ea
1030 1460 1114 1505 sint
1140 1460 1252 1506 inter
1272 1479 1314 1507 se
1340 1462 1467 1510 dissi-

90 1528 226 1584 milia,
251 1529 344 1592 ipsa
365 1530 410 1575 in
425 1530 628 1575 omnibus
647 1531 712 1575 sui
737 1529 885 1575 similis
898 1541 975 1586 est„
996 1531 1099 1594 quia
1121 1530 1165 1576 in
1191 1548 1267 1577 suo
1292 1549 1466 1597 quoque

90 1615 240 1658 genere
264 1599 530 1663 perficiendo
556 1600 717 1662 ubique
739 1599 929 1663 perfecta
948 1611 1023 1646 est.
1055 1601 1204 1663 Neque
1227 1601 1338 1647 enim
1363 1605 1465 1649 uni-

88 1686 258 1715 versum
295 1670 446 1715 condit
482 1670 524 1715 in
560 1669 754 1729 singulis,
779 1669 851 1714 sed
888 1669 943 1714 ad
972 1670 1158 1714 universi
1188 1671 1462 1734 complexum

89 1738 279 1785 condens
302 1739 486 1800 singula,
515 1739 755 1784 universam
780 1755 822 1784 se
847 1738 1084 1784 condendis
1112 1740 1281 1802 praebet
1307 1752 1347 1786 et
1373 1743 1464 1789 sin-

88 1807 214 1868 gulis,
242 1810 387 1855 omnia
421 1820 706 1869 congruenter
728 1809 835 1853 locis
863 1809 947 1853 suis
975 1819 1016 1853 et
1048 1809 1276 1856 ordinibus
1302 1811 1462 1860 faciens

89 1888 218 1942 atque
242 1878 474 1942 disponens
494 1915 504 1933 ‚
543 1888 584 1923 et
619 1877 822 1923 omnibus
846 1877 1167 1940 particulariter
1198 1891 1327 1942 atque
1358 1882 1460 1927 uni-

85 1949 303 1995 versaliter
320 1965 511 2009 congrua
531 1948 739 1994 tribuens.
772 1949 885 1993 Ecce
909 1947 983 1993 hic
1004 1948 1049 1993 in
1073 1949 1153 1994 isto
1176 1950 1299 2013 quasi
1321 1949 1460 1998 fundo

85 2019 221 2066 infino
243 2019 451 2065 universae
470 2030 680 2065 creaturae
704 2018 882 2082 aspicite
907 2018 1107 2065 animalia
1123 2056 1134 2076 ‚
1155 2037 1255 2083 quae
1288 2021 1454 2080 volant,

85 2100 126 2135 et
142 2100 308 2146 natant,
328 2100 371 2135 et
383 2088 658 2150 gradiuntur,
679 2100 721 2135 et
738 2099 907 2152 repunt.
922 2089 1089 2152 Nempe
1107 2090 1305 2136 mortalia
1322 2103 1421 2138 sunt
1442 2111 1452 2138 ε

85 2177 240 2224 nempe
256 2160 344 2206 vita
364 2177 530 2215 eorum,
557 2160 669 2205 sicut
692 2160 903 2222 scriptum
928 2169 1006 2216 est,
1031 2177 1168 2224 vapor
1192 2176 1253 2206 est
1277 2159 1331 2206 ad
1358 2179 1457 2208 mo-

85 2230 235 2277 dicum
259 2229 516 2294 apparensffi.
549 2231 680 2276 Hunc
694 2230 807 2276 enim
828 2229 1057 2275 modulum
1076 2230 1130 2275 ab
1148 2231 1314 2294 optimo
1336 2233 1457 2278 Con-

85 2300 224 2347 ditore
252 2311 504 2364 perceptum
526 2338 536 2358 ,
563 2311 770 2365 tanquam
791 2301 837 2346 in
855 2317 1083 2346 commune
1101 2301 1328 2346 conferunt
1353 2301 1455 2347 uni-

83 2388 206 2419 verso
239 2388 320 2434 pro
356 2371 422 2417 sui
447 2371 609 2431 generis
631 2371 828 2434 portione
855 2370 1132 2433 complendo,
1174 2381 1220 2416 ut
1240 2388 1339 2416 cum
1367 2371 1455 2417 istis

82 2441 180 2489 imis
201 2441 285 2487 sint
303 2441 448 2497 omnia
461 2442 596 2498 bona,
616 2441 663 2487 in
684 2441 844 2505 quibus
864 2450 964 2488 sunt
982 2441 1040 2488 eis
1056 2458 1241 2506 superna
1257 2440 1445 2489 meliora.

136 2523 148 2545 ¹
164 2523 278 2558 Jacob.
295 2534 339 2563 lv,
362 2530 416 2560 14.
