1795 3253
279 287 456 321 CONTRA
488 289 693 321 FAUSTUM
727 289 1027 333 MANJCHAEUM,
1065 292 1154 325 Lm.
1197 295 1269 326 xx.
1378 280 1469 327 525

92 354 329 401 formarum
359 367 400 402 et
427 355 623 402 ordinem
657 356 903 420 ponderum
933 374 1021 402 non
1053 375 1138 404 esse
1171 377 1318 422 posse,
1345 361 1425 407 nisi
1447 380 1471 407 a

93 426 222 472 Patre
244 437 285 472 et
312 427 421 473 Filio
443 437 485 472 et
514 427 681 490 Spiritu
721 437 892 482 sancto,
920 428 1139 491 principio
1169 430 1268 475 mali
1299 441 1471 477 tantum

92 497 260 542 bonum
285 497 548 544 tribueretis,
576 498 702 543 Nunc
727 514 828 543 vero
860 513 961 542 cuin
986 509 1027 542 et
1050 499 1157 561 quid
1189 501 1243 545 sit
1266 502 1377 564 Hyle
1394 538 1405 558 ,
1429 512 1471 546 et

94 566 202 630 quid
228 567 283 612 sit
300 566 462 612 malum
485 567 686 626 ignoretis
710 585 734 612 o
764 567 796 611 si
828 583 995 629 possem
1015 604 1026 622 ,
1046 569 1171 614 vobis
1191 571 1465 632 persuadere,

93 647 144 682 ut
166 654 189 681 a
208 635 463 696 seducendis
485 637 825 699 imperitioribus
848 653 924 682 vos
944 640 1287 700 compesceretis.

159 706 253 753 XV.
296 710 494 752 Jamvero
519 707 637 769 quod
668 708 795 753 etiam
817 706 917 752 inde
934 724 1010 752 vos
1034 709 1218 767 l'aganis
1235 710 1364 756 vultis
1388 728 1473 756 esse

94 776 311 833 meliores,
339 776 457 841 quod
499 777 559 822 illi
594 777 698 832 aris,
737 776 954 832 delubris,
988 778 1228 824 simulacris
1247 816 1257 835 ‚
1286 781 1474 826 victimis

97 857 225 909 atque
248 847 422 892 incenso
457 847 595 892 Deum
620 846 851 892 colendum
879 857 1063 908 putant,
1091 864 1166 893 vos
1197 859 1337 894 autem
1363 850 1475 895 nihil

96 917 256 962 horum
279 915 444 972 facitis,
471 917 566 979 quis
591 935 677 962 uon
706 917 911 962 irrideat?
937 916 1073 973 Quasi
1105 935 1204 963 vero
1230 936 1316 963 non
1343 921 1474 965 satius

97 988 150 1033 sit
170 987 237 1034 vel
259 987 421 1050 lapidi,
459 988 535 1051 qui
567 1005 744 1051 quoquo
772 987 901 1033 modo
926 997 1013 1043 est,
1042 1004 1162 1032 aram
1189 989 1471 1046 constituere,

97 1069 139 1103 et
162 1058 383 1103 victimam
404 1059 554 1103 offerre
572 1095 582 1114 ,
610 1076 741 1121 quam
766 1058 810 1103 id
842 1057 963 1121 quod
995 1058 1173 1103 omnino
1199 1076 1286 1104 non
1316 1070 1399 1116 est,
1430 1060 1475 1106 iu

98 1127 379 1173 deliramento
398 1128 714 1190 phantasmatis
735 1128 942 1173 adorare?
963 1127 1122 1174 Verum
1145 1139 1214 1185 tu,
1234 1130 1311 1193 qui
1337 1130 1474 1175 ratio-

97 1198 243 1244 nabile
266 1198 344 1243 Dei
368 1197 581 1261 templum
605 1198 644 1243 te
670 1215 756 1243 esse
786 1197 956 1254 dixisti,
988 1198 1209 1260 quomodo
1232 1199 1318 1244 hoc
1343 1200 1475 1262 expli-

99 1269 249 1314 cabis?
277 1267 507 1314 Placet-ne
530 1268 609 1313 tibi
626 1305 637 1324 ‚
669 1278 717 1312 ut
752 1267 963 1330 templum
994 1268 1108 1312 Deus
1134 1268 1322 1324 habeat,
1350 1273 1474 1329 cujus

99 1338 289 1402 aliquam
307 1349 475 1401 partem
502 1338 704 1383 diabolus
727 1337 1034 1384 fabricaverit?
1054 1339 1119 1383 An
1138 1356 1211 1383 vos
1236 1356 1323 1384 non
1347 1340 1444 1384 estis
1461 1377 1472 1395 ‚

100 1410 174 1472 qui
216 1409 360 1455 dicitis
397 1409 541 1454 omnia
573 1408 767 1453 membra
803 1418 969 1464 vestra,
1009 1417 1235 1470 totumque
1270 1425 1429 1472 corpus
1454 1427 1477 1454 a

99 1479 287 1539 maligna
306 1489 448 1525 mente
463 1517 473 1535 ‚
493 1495 623 1542 quam
639 1478 783 1540 Hylen
800 1477 943 1523 dicitis
959 1515 969 1533 ,
990 1476 1252 1523 fabricatum
1266 1515 1277 1534 ,
1298 1483 1476 1542 ersque

100 1550 236 1613 ipsius
254 1550 544 1596 fabricatricis
565 1560 734 1612 partem
753 1549 843 1594 illic
867 1549 1066 1594 habitare
1089 1548 1216 1594 simul
1232 1566 1334 1594 cum
1353 1560 1476 1612 parte

55 1620 61 1621 ⁷
102 1620 174 1665 dai
193 1621 348 1666 vestri?
372 1621 483 1676 Quae
500 1636 602 1665 cum
622 1619 685 1664 ibi
707 1629 899 1664 teneatur
914 1655 925 1674 ,
951 1629 999 1664 ut
1021 1619 1261 1681 perhibetis
1280 1656 1290 1675 ‚
1313 1636 1477 1665 conca-

102 1700 246 1736 tenata
267 1701 308 1736 et
330 1689 496 1735 inclusa
510 1726 521 1745 ‚
551 1699 699 1734 utrum
721 1688 799 1733 Dei
820 1687 1028 1751 templum
1047 1725 1059 1745 ,
1088 1706 1142 1733 an
1167 1689 1242 1734 Dei
1262 1706 1477 1736 carcerem

104 1772 144 1808 te
161 1762 304 1808 dicere
321 1760 537 1806 debuisti?
560 1759 653 1806 Nisi
675 1758 786 1804 forte
815 1760 1003 1804 animani
1024 1770 1145 1805 tuam
1166 1760 1378 1823 templum
1400 1761 1478 1806 Dei

104 1831 213 1877 dicis
228 1868 239 1888 ,
257 1848 388 1894 quarn
406 1847 453 1876 ex
468 1840 580 1875 terra
601 1829 779 1874 luminis
797 1829 946 1875 habes.
973 1830 1029 1874 At
1050 1829 1167 1874 illam
1186 1840 1354 1892 partem
1373 1831 1474 1887 Dei,

104 1902 169 1948 vel
189 1901 436 1947 membrum
451 1900 531 1945 Dei
549 1898 694 1944 soletis
711 1898 853 1944 dicere
866 1935 877 1954 ,
890 1915 979 1944 non
996 1898 1208 1961 templum
1225 1900 1318 1946 Dei.
1333 1901 1479 1947 Restat

105 1989 229 2032 ergo,
254 1982 304 2017 ut
330 1969 545 2033 templum
578 1969 657 2014 Dei
682 1986 769 2014 non
792 1979 832 2014 te
863 1968 1039 2025 dixeris,
1068 1969 1149 2014 nisi
1182 1985 1230 2015 ex
1266 1987 1446 2034 corpore
1464 2008 1475 2027 ‚

107 2042 228 2106 quod
256 2040 497 2088 secundum
533 2050 574 2084 te
601 2038 802 2084 diabolus
840 2038 1085 2086 fabricavit.
1120 2040 1232 2085 Ecce
1259 2041 1480 2103 quomodo

107 2112 323 2176 templum
352 2111 431 2157 Dei
454 2109 766 2173 blasphematis
781 2146 791 2166 ,
816 2120 864 2154 ut
886 2126 973 2155 non
996 2108 1136 2155 solum
1170 2121 1367 2156 sanctum
1393 2129 1481 2158 non

108 2200 194 2229 esse
230 2182 412 2238 dicatis,
463 2179 743 2227 verumetiam
776 2179 1180 2224 machinamentum
1211 2179 1402 2237 diaboli,
1441 2192 1483 2227 et

109 2252 371 2314 ergastulum
393 2252 487 2298 Dei.
511 2252 564 2297 At
583 2267 682 2297 vero
708 2249 941 2313 Apostolus
955 2287 967 2307 ,
985 2271 1005 2292 «
1021 2250 1253 2313 Templum
1272 2251 1384 2296 enini
1402 2253 1482 2299 Dei

111 2346 132 2367 »
156 2334 352 2370 sanctum
375 2333 454 2379 est,
481 2321 641 2385 inquit,
669 2320 789 2383 quod
807 2320 904 2366 estis
920 2319 1042 2367 vos4.
1063 2321 1150 2365 »Et
1173 2337 1225 2366 ne
1242 2331 1367 2383 putes
1390 2332 1484 2368 tan-

111 2393 338 2441 tummodo
361 2393 416 2439 ad
443 2393 631 2439 animam
652 2391 867 2455 pertinere
883 2428 894 2447 ,
921 2390 1042 2454 quod
1073 2390 1240 2436 dictum
1263 2402 1324 2436 est
1346 2409 1356 2436 :
1385 2393 1486 2440 audi

112 2465 369 2530 expressius,
392 2485 413 2505 <‹
443 2463 624 2509 Nescitis
641 2499 651 2517 ‚
677 2462 821 2525 inquit
839 2463 979 2525 „quia
1009 2478 1193 2524 corpora
1210 2471 1350 2507 vestra
1375 2476 1485 2509 tem-

113 2558 136 2581 »
154 2537 278 2601 plum
296 2545 358 2581 est
372 2535 419 2581 in
435 2534 558 2582 vobis
571 2532 759 2597 Spiritus
780 2532 934 2590 saneti,
948 2548 1078 2596 quem
1094 2531 1263 2579 habetis
1277 2531 1450 2581 aDeo‘29
1466 2556 1487 2578 »

163 2620 209 2651 ¹1
229 2621 303 2653 Cor.
323 2631 449 2662 111,17.
470 2636 514 2644 --
529 2616 544 2641 ²
564 2617 614 2653 Id.
632 2629 678 2662 vr,
698 2628 732 2658 9.
