<?xml version="1.0" encoding="UTF-8"?>
<!DOCTYPE html PUBLIC "-//W3C//DTD XHTML 1.0 Transitional//EN"
    "http://www.w3.org/TR/xhtml1/DTD/xhtml1-transitional.dtd">
<html xmlns="http://www.w3.org/1999/xhtml" xml:lang="en" lang="en">
 <head>
  <title>
</title>
<meta http-equiv="Content-Type" content="text/html;charset=utf-8" />
  <meta name='ocr-system' content='tesseract 3.04.00' />
  <meta name='ocr-capabilities' content='ocr_page ocr_carea ocr_par ocr_line ocrx_word'/>
</head>
<body>
  <div class='ocr_page' id='page_1' title='image "./operaomniaaccura28auguuoft/operaomniaaccura28auguuoft_0311.png"; bbox 0 0 1795 3253; ppageno 0'>
   <div class='ocr_carea' id='block_1_1' title="bbox 306 243 1478 295">
    <p class='ocr_par' dir='ltr' id='par_1_1' title="bbox 306 243 1478 295">
     <span class='ocr_line' id='line_1_1' title="bbox 306 243 1478 295; baseline 0.002 -9"><span class='ocrx_word' id='word_1_1' title='bbox 306 255 479 286; x_wconf 81' lang='lat' dir='ltr'>CONTRA</span> <span class='ocrx_word' id='word_1_2' title='bbox 515 255 716 286; x_wconf 84' lang='lat' dir='ltr'>FAUSTUM</span> <span class='ocrx_word' id='word_1_3' title='bbox 751 252 1053 295; x_wconf 68' lang='lat' dir='ltr'>MANICHAEL·)1‚</span> <span class='ocrx_word' id='word_1_4' title='bbox 1093 256 1182 288; x_wconf 67' lang='grc' dir='ltr'>[ΑΒ.</span> <span class='ocrx_word' id='word_1_5' title='bbox 1224 257 1285 288; x_wconf 85' lang='lat' dir='ltr'>XI.</span> <span class='ocrx_word' id='word_1_6' title='bbox 1395 243 1478 289; x_wconf 79' lang='lat'>301</span> 
     </span>
    </p>
   </div>
   <div class='ocr_carea' id='block_1_2' title="bbox 87 318 1496 2498">
    <p class='ocr_par' dir='ltr' id='par_1_2' title="bbox 87 318 1496 2498">
     <span class='ocr_line' id='line_1_2' title="bbox 118 318 1488 384; baseline 0.004 -20"><span class='ocrx_word' id='word_1_7' title='bbox 118 342 140 364; x_wconf 88' lang='lat'>»</span> <span class='ocrx_word' id='word_1_8' title='bbox 165 319 255 367; x_wconf 84' lang='lat' dir='ltr'>didi</span> <span class='ocrx_word' id='word_1_9' title='bbox 276 321 390 366; x_wconf 89' lang='lat' dir='ltr'>enim</span> <span class='ocrx_word' id='word_1_10' title='bbox 412 321 536 366; x_wconf 77' lang='lat' dir='ltr'>vobis</span> <span class='ocrx_word' id='word_1_11' title='bbox 554 319 768 384; x_wconf 83' lang='lat' dir='ltr'>imprimis</span> <span class='ocrx_word' id='word_1_12' title='bbox 787 318 905 382; x_wconf 87' lang='lat' dir='ltr'>quod</span> <span class='ocrx_word' id='word_1_13' title='bbox 921 330 962 365; x_wconf 90' lang='lat' dir='ltr'>et</span> <span class='ocrx_word' id='word_1_14' title='bbox 982 321 1149 383; x_wconf 83' lang='lat' dir='ltr'>accepi,</span> <span class='ocrx_word' id='word_1_15' title='bbox 1171 322 1272 384; x_wconf 89' lang='lat' dir='ltr'>quia</span> <span class='ocrx_word' id='word_1_16' title='bbox 1289 322 1488 369; x_wconf 83' lang='lat' dir='ltr'>Christus</span> 
     </span>
     <span class='ocr_line' id='line_1_3' title="bbox 117 390 1486 456; baseline 0.003 -22"><span class='ocrx_word' id='word_1_17' title='bbox 117 411 139 434; x_wconf 73' lang='lat' dir='ltr'>n</span> <span class='ocrx_word' id='word_1_18' title='bbox 163 401 359 437; x_wconf 91' lang='lat' dir='ltr'>mortuus</span> <span class='ocrx_word' id='word_1_19' title='bbox 379 401 441 435; x_wconf 89' lang='lat' dir='ltr'>est</span> <span class='ocrx_word' id='word_1_20' title='bbox 451 408 532 453; x_wconf 89' lang='lat' dir='ltr'>pro</span> <span class='ocrx_word' id='word_1_21' title='bbox 554 390 743 454; x_wconf 79' lang='lat' dir='ltr'>peccatis</span> <span class='ocrx_word' id='word_1_22' title='bbox 769 390 924 434; x_wconf 82' lang='lat' dir='ltr'>nostris</span> <span class='ocrx_word' id='word_1_23' title='bbox 945 391 1183 436; x_wconf 86' lang='lat' dir='ltr'>secundum</span> <span class='ocrx_word' id='word_1_24' title='bbox 1212 392 1460 456; x_wconf 74' lang='lat' dir='ltr'>Scripturas</span> <span class='ocrx_word' id='word_1_25' title='bbox 1476 431 1486 450; x_wconf 83' lang='lat'>,</span> 
     </span>
     <span class='ocr_line' id='line_1_4' title="bbox 117 460 1492 526; baseline 0.004 -21"><span class='ocrx_word' id='word_1_26' title='bbox 117 483 139 506; x_wconf 86' lang='lat'>))</span> <span class='ocrx_word' id='word_1_27' title='bbox 161 473 202 508; x_wconf 89' lang='lat' dir='ltr'>et</span> <span class='ocrx_word' id='word_1_28' title='bbox 221 463 323 526; x_wconf 82' lang='lat' dir='ltr'>quia</span> <span class='ocrx_word' id='word_1_29' title='bbox 342 461 535 524; x_wconf 88' lang='lat' dir='ltr'>sepultus</span> <span class='ocrx_word' id='word_1_30' title='bbox 558 473 618 507; x_wconf 88' lang='lat' dir='ltr'>est</span> <span class='ocrx_word' id='word_1_31' title='bbox 634 499 645 516; x_wconf 75' lang='lat'>,</span> <span class='ocrx_word' id='word_1_32' title='bbox 673 472 714 506; x_wconf 89' lang='lat' dir='ltr'>et</span> <span class='ocrx_word' id='word_1_33' title='bbox 733 460 836 523; x_wconf 88' lang='lat' dir='ltr'>quia</span> <span class='ocrx_word' id='word_1_34' title='bbox 860 463 1085 506; x_wconf 75' lang='lat' dir='ltr'>resurrexit</span> <span class='ocrx_word' id='word_1_35' title='bbox 1107 463 1231 508; x_wconf 84' lang='lat' dir='ltr'>tertia</span> <span class='ocrx_word' id='word_1_36' title='bbox 1250 463 1318 508; x_wconf 86' lang='lat' dir='ltr'>die</span> <span class='ocrx_word' id='word_1_37' title='bbox 1334 482 1492 510; x_wconf 90' lang='lat' dir='ltr'>secun-</span> 
     </span>
     <span class='ocr_line' id='line_1_5' title="bbox 118 531 1493 596; baseline 0.004 -21"><span class='ocrx_word' id='word_1_38' title='bbox 118 554 140 575; x_wconf 83' lang='lat'>»</span> <span class='ocrx_word' id='word_1_39' title='bbox 162 533 268 578; x_wconf 89' lang='lat' dir='ltr'>dum</span> <span class='ocrx_word' id='word_1_40' title='bbox 290 531 551 595; x_wconf 79' lang='lat' dir='ltr'>Scripturas.</span> <span class='ocrx_word' id='word_1_41' title='bbox 573 554 592 573; x_wconf 68' lang='lat' dir='ltr'>n</span> <span class='ocrx_word' id='word_1_42' title='bbox 621 534 677 577; x_wconf 87' lang='lat' dir='ltr'>Et</span> <span class='ocrx_word' id='word_1_43' title='bbox 698 531 830 595; x_wconf 87' lang='lat' dir='ltr'>paulo</span> <span class='ocrx_word' id='word_1_44' title='bbox 854 542 955 594; x_wconf 89' lang='lat' dir='ltr'>post</span> <span class='ocrx_word' id='word_1_45' title='bbox 979 532 1105 577; x_wconf 86' lang='lat' dir='ltr'>infert</span> <span class='ocrx_word' id='word_1_46' title='bbox 1121 550 1253 596; x_wconf 86' lang='lat' dir='ltr'>quare</span> <span class='ocrx_word' id='word_1_47' title='bbox 1271 534 1356 580; x_wconf 91' lang='lat' dir='ltr'>hoc</span> <span class='ocrx_word' id='word_1_48' title='bbox 1380 535 1493 580; x_wconf 82' lang='lat' dir='ltr'>dixe-</span> 
     </span>
     <span class='ocr_line' id='line_1_6' title="bbox 117 602 1488 666; baseline 0.001 -17"><span class='ocrx_word' id='word_1_49' title='bbox 117 603 174 650; x_wconf 89' lang='lat' dir='ltr'>rit</span> <span class='ocrx_word' id='word_1_50' title='bbox 201 621 211 648; x_wconf 89' lang='lat'>:</span> <span class='ocrx_word' id='word_1_51' title='bbox 239 603 316 648; x_wconf 85' lang='lat' dir='ltr'>«Si</span> <span class='ocrx_word' id='word_1_52' title='bbox 342 613 485 647; x_wconf 84' lang='lat' dir='ltr'>autem</span> <span class='ocrx_word' id='word_1_53' title='bbox 527 604 728 648; x_wconf 64' lang='lat' dir='ltr'>Christus</span> <span class='ocrx_word' id='word_1_54' title='bbox 752 602 1025 665; x_wconf 64' lang='lat' dir='ltr'>praedicatur</span> <span class='ocrx_word' id='word_1_55' title='bbox 1059 605 1162 666; x_wconf 79' lang='lat' dir='ltr'>quia</span> <span class='ocrx_word' id='word_1_56' title='bbox 1203 607 1430 651; x_wconf 75' lang='lat' dir='ltr'>resurrexit</span> <span class='ocrx_word' id='word_1_57' title='bbox 1467 625 1488 651; x_wconf 85' lang='lat' dir='ltr'>a</span> 
     </span>
     <span class='ocr_line' id='line_1_7' title="bbox 117 671 1493 737; baseline 0.004 -21"><span class='ocrx_word' id='word_1_58' title='bbox 117 695 139 716; x_wconf 84' lang='lat'>»</span> <span class='ocrx_word' id='word_1_59' title='bbox 164 674 372 730; x_wconf 84' lang='lat' dir='ltr'>mortuis,</span> <span class='ocrx_word' id='word_1_60' title='bbox 398 673 620 736; x_wconf 82' lang='lat' dir='ltr'>quomodo</span> <span class='ocrx_word' id='word_1_61' title='bbox 645 673 799 718; x_wconf 87' lang='lat' dir='ltr'>dicunt</span> <span class='ocrx_word' id='word_1_62' title='bbox 828 671 1008 735; x_wconf 86' lang='lat' dir='ltr'>quidam</span> <span class='ocrx_word' id='word_1_63' title='bbox 1042 674 1085 718; x_wconf 89' lang='lat' dir='ltr'>in</span> <span class='ocrx_word' id='word_1_64' title='bbox 1114 675 1261 730; x_wconf 67' lang='lat' dir='ltr'>vobis,</span> <span class='ocrx_word' id='word_1_65' title='bbox 1295 676 1395 737; x_wconf 83' lang='lat' dir='ltr'>quia</span> <span class='ocrx_word' id='word_1_66' title='bbox 1423 693 1493 721; x_wconf 91' lang='lat' dir='ltr'>re-</span> 
     </span>
     <span class='ocr_line' id='line_1_8' title="bbox 118 742 1493 808; baseline 0.003 -21"><span class='ocrx_word' id='word_1_67' title='bbox 118 766 140 803; x_wconf 64' lang='lat'>²³,</span> <span class='ocrx_word' id='word_1_68' title='bbox 163 743 370 790; x_wconf 86' lang='lat' dir='ltr'>surrectio</span> <span class='ocrx_word' id='word_1_69' title='bbox 388 754 658 789; x_wconf 88' lang='lat' dir='ltr'>mortuorum</span> <span class='ocrx_word' id='word_1_70' title='bbox 676 760 762 788; x_wconf 90' lang='lat' dir='ltr'>non</span> <span class='ocrx_word' id='word_1_71' title='bbox 783 753 844 788; x_wconf 90' lang='lat' dir='ltr'>est</span> <span class='ocrx_word' id='word_1_72' title='bbox 859 742 876 772; x_wconf 81' lang='lat'><strong>1</strong></span> <span class='ocrx_word' id='word_1_73' title='bbox 898 746 915 788; x_wconf 62' lang='lat'><strong>9</strong></span> <span class='ocrx_word' id='word_1_74' title='bbox 934 765 953 784; x_wconf 70' lang='lat'>&gt;2</span> <span class='ocrx_word' id='word_1_75' title='bbox 979 744 1061 788; x_wconf 89' lang='lat' dir='ltr'>Iste</span> <span class='ocrx_word' id='word_1_76' title='bbox 1084 755 1224 790; x_wconf 85' lang='lat' dir='ltr'>autem</span> <span class='ocrx_word' id='word_1_77' title='bbox 1250 747 1325 808; x_wconf 82' lang='lat' dir='ltr'>qui</span> <span class='ocrx_word' id='word_1_78' title='bbox 1356 746 1493 791; x_wconf 89' lang='lat' dir='ltr'>inter—</span> 
     </span>
     <span class='ocr_line' id='line_1_9' title="bbox 117 812 1488 877; baseline 0.001 -16"><span class='ocrx_word' id='word_1_79' title='bbox 117 825 290 874; x_wconf 87' lang='lat' dir='ltr'>rogatus</span> <span class='ocrx_word' id='word_1_80' title='bbox 309 824 455 859; x_wconf 90' lang='lat' dir='ltr'>utrum</span> <span class='ocrx_word' id='word_1_81' title='bbox 484 814 672 877; x_wconf 89' lang='lat' dir='ltr'>accipiat</span> <span class='ocrx_word' id='word_1_82' title='bbox 704 812 950 876; x_wconf 88' lang='lat' dir='ltr'>apostolum</span> <span class='ocrx_word' id='word_1_83' title='bbox 983 813 1190 869; x_wconf 76' lang='lat' dir='ltr'>Paulum,</span> <span class='ocrx_word' id='word_1_84' title='bbox 1220 816 1451 877; x_wconf 76' lang='lat' dir='ltr'>respondet</span> <span class='ocrx_word' id='word_1_85' title='bbox 1478 835 1488 862; x_wconf 89' lang='lat'>:</span> 
     </span>
     <span class='ocr_line' id='line_1_10' title="bbox 118 884 1494 943; baseline 0.002 -15"><span class='ocrx_word' id='word_1_86' title='bbox 118 906 140 928; x_wconf 75' lang='lat' dir='ltr'>c&lt;</span> <span class='ocrx_word' id='word_1_87' title='bbox 160 887 215 930; x_wconf 87' lang='lat' dir='ltr'>Et</span> <span class='ocrx_word' id='word_1_88' title='bbox 234 884 415 930; x_wconf 79' lang='lat' dir='ltr'>maxime</span> <span class='ocrx_word' id='word_1_89' title='bbox 434 921 444 939; x_wconf 86' lang='lat'>,</span> <span class='ocrx_word' id='word_1_90' title='bbox 468 905 488 925; x_wconf 86' lang='lat'>»</span> <span class='ocrx_word' id='word_1_91' title='bbox 513 884 611 930; x_wconf 56' lang='lat' dir='ltr'>hacc</span> <span class='ocrx_word' id='word_1_92' title='bbox 636 884 780 929; x_wconf 86' lang='lat' dir='ltr'>onmia</span> <span class='ocrx_word' id='word_1_93' title='bbox 805 894 934 943; x_wconf 87' lang='lat' dir='ltr'>negat</span> <span class='ocrx_word' id='word_1_94' title='bbox 956 901 966 928; x_wconf 91' lang='lat'>:</span> <span class='ocrx_word' id='word_1_95' title='bbox 990 900 1069 928; x_wconf 92' lang='lat' dir='ltr'>nec</span> <span class='ocrx_word' id='word_1_96' title='bbox 1095 885 1245 929; x_wconf 81' lang='lat' dir='ltr'>Jesum</span> <span class='ocrx_word' id='word_1_97' title='bbox 1266 902 1311 929; x_wconf 80' lang='lat' dir='ltr'>ex</span> <span class='ocrx_word' id='word_1_98' title='bbox 1336 887 1494 931; x_wconf 91' lang='lat' dir='ltr'>semine</span> 
     </span>
     <span class='ocr_line' id='line_1_11' title="bbox 119 953 1493 1018; baseline 0.001 -17"><span class='ocrx_word' id='word_1_99' title='bbox 119 955 263 1002; x_wconf 85' lang='lat' dir='ltr'>David</span> <span class='ocrx_word' id='word_1_100' title='bbox 283 954 378 1001; x_wconf 86' lang='lat' dir='ltr'>vult</span> <span class='ocrx_word' id='word_1_101' title='bbox 400 956 595 1018; x_wconf 88' lang='lat' dir='ltr'>accipere</span> <span class='ocrx_word' id='word_1_102' title='bbox 609 992 620 1009; x_wconf 95' lang='lat'><strong>‚</strong></span> <span class='ocrx_word' id='word_1_103' title='bbox 642 971 720 1000; x_wconf 89' lang='lat' dir='ltr'>nec</span> <span class='ocrx_word' id='word_1_104' title='bbox 736 954 899 1000; x_wconf 83' lang='lat' dir='ltr'>factum</span> <span class='ocrx_word' id='word_1_105' title='bbox 924 972 970 1000; x_wconf 86' lang='lat' dir='ltr'>ex</span> <span class='ocrx_word' id='word_1_106' title='bbox 988 953 1169 1000; x_wconf 85' lang='lat' dir='ltr'>muliere</span> <span class='ocrx_word' id='word_1_107' title='bbox 1184 992 1194 1010; x_wconf 76' lang='grc'><em>,</em></span> <span class='ocrx_word' id='word_1_108' title='bbox 1219 972 1349 1018; x_wconf 83' lang='lat' dir='ltr'>quam</span> <span class='ocrx_word' id='word_1_109' title='bbox 1367 994 1377 1012; x_wconf 75' lang='lat'>‚</span> <span class='ocrx_word' id='word_1_110' title='bbox 1404 974 1493 1003; x_wconf 89' lang='lat' dir='ltr'>non</span> 
     </span>
     <span class='ocr_line' id='line_1_12' title="bbox 119 1024 1494 1090; baseline 0.001 -18"><span class='ocrx_word' id='word_1_111' title='bbox 119 1025 238 1090; x_wconf 84' lang='lat' dir='ltr'>quod</span> <span class='ocrx_word' id='word_1_112' title='bbox 253 1025 382 1071; x_wconf 89' lang='lat' dir='ltr'>fuerit</span> <span class='ocrx_word' id='word_1_113' title='bbox 395 1025 460 1071; x_wconf 82' lang='lat' dir='ltr'>vel</span> <span class='ocrx_word' id='word_1_114' title='bbox 474 1025 808 1071; x_wconf 82' lang='lat' dir='ltr'>concumbendo</span> <span class='ocrx_word' id='word_1_115' title='bbox 826 1024 893 1071; x_wconf 76' lang='lat' dir='ltr'>vel</span> <span class='ocrx_word' id='word_1_116' title='bbox 909 1024 1121 1088; x_wconf 83' lang='lat' dir='ltr'>pariendo</span> <span class='ocrx_word' id='word_1_117' title='bbox 1140 1037 1346 1089; x_wconf 85' lang='lat' dir='ltr'>corrupta</span> <span class='ocrx_word' id='word_1_118' title='bbox 1362 1065 1372 1083; x_wconf 86' lang='lat'>,</span> <span class='ocrx_word' id='word_1_119' title='bbox 1393 1045 1494 1073; x_wconf 88' lang='lat' dir='ltr'>mu—</span> 
     </span>
     <span class='ocr_line' id='line_1_13' title="bbox 117 1096 1491 1161; baseline 0.001 -18"><span class='ocrx_word' id='word_1_120' title='bbox 117 1097 265 1144; x_wconf 88' lang='lat' dir='ltr'>lierem</span> <span class='ocrx_word' id='word_1_121' title='bbox 285 1096 447 1141; x_wconf 86' lang='lat' dir='ltr'>Paulus</span> <span class='ocrx_word' id='word_1_122' title='bbox 471 1096 663 1159; x_wconf 85' lang='lat' dir='ltr'>appellat</span> <span class='ocrx_word' id='word_1_123' title='bbox 678 1116 687 1149; x_wconf 91' lang='grc'><strong>;</strong></span> <span class='ocrx_word' id='word_1_124' title='bbox 705 1096 776 1141; x_wconf 87' lang='lat' dir='ltr'>sed</span> <span class='ocrx_word' id='word_1_125' title='bbox 796 1114 912 1141; x_wconf 88' lang='lat' dir='ltr'>more</span> <span class='ocrx_word' id='word_1_126' title='bbox 930 1096 1255 1159; x_wconf 79' lang='lat' dir='ltr'>Scripturarum</span> <span class='ocrx_word' id='word_1_127' title='bbox 1279 1098 1491 1161; x_wconf 83' lang='lat' dir='ltr'>loquitur,</span> 
     </span>
     <span class='ocr_line' id='line_1_14' title="bbox 120 1166 1495 1231; baseline 0.001 -18"><span class='ocrx_word' id='word_1_128' title='bbox 120 1184 219 1231; x_wconf 86' lang='lat' dir='ltr'>quae</span> <span class='ocrx_word' id='word_1_129' title='bbox 236 1167 380 1229; x_wconf 91' lang='lat' dir='ltr'>ipsum</span> <span class='ocrx_word' id='word_1_130' title='bbox 404 1184 548 1211; x_wconf 83' lang='lat' dir='ltr'>sexum</span> <span class='ocrx_word' id='word_1_131' title='bbox 584 1167 644 1212; x_wconf 88' lang='lat' dir='ltr'>sic</span> <span class='ocrx_word' id='word_1_132' title='bbox 681 1166 899 1230; x_wconf 87' lang='lat' dir='ltr'>appellare</span> <span class='ocrx_word' id='word_1_133' title='bbox 930 1178 1245 1212; x_wconf 76' lang='lat' dir='ltr'>consueverunt</span> <span class='ocrx_word' id='word_1_134' title='bbox 1280 1185 1290 1212; x_wconf 77' lang='grc' dir='ltr'>ι</span> <span class='ocrx_word' id='word_1_135' title='bbox 1317 1169 1427 1213; x_wconf 87' lang='lat' dir='ltr'>sicut</span> <span class='ocrx_word' id='word_1_136' title='bbox 1451 1170 1495 1216; x_wconf 89' lang='lat' dir='ltr'>in</span> 
     </span>
     <span class='ocr_line' id='line_1_15' title="bbox 121 1236 1496 1300; baseline 0.001 -17"><span class='ocrx_word' id='word_1_137' title='bbox 121 1238 277 1284; x_wconf 85' lang='lat' dir='ltr'>Genesi</span> <span class='ocrx_word' id='word_1_138' title='bbox 294 1236 347 1282; x_wconf 87' lang='lat' dir='ltr'>de</span> <span class='ocrx_word' id='word_1_139' title='bbox 374 1239 466 1283; x_wconf 80' lang='lat' dir='ltr'>Eva</span> <span class='ocrx_word' id='word_1_140' title='bbox 485 1237 698 1300; x_wconf 89' lang='lat' dir='ltr'>scriptum</span> <span class='ocrx_word' id='word_1_141' title='bbox 722 1249 783 1283; x_wconf 89' lang='lat' dir='ltr'>est</span> <span class='ocrx_word' id='word_1_142' title='bbox 815 1256 824 1282; x_wconf 76' lang='grc' dir='ltr'>ε</span> <span class='ocrx_word' id='word_1_143' title='bbox 859 1239 1113 1283; x_wconf 66' lang='lat' dir='ltr'>«Formavit</span> <span class='ocrx_word' id='word_1_144' title='bbox 1146 1256 1237 1283; x_wconf 85' lang='lat' dir='ltr'>eam</span> <span class='ocrx_word' id='word_1_145' title='bbox 1270 1239 1313 1283; x_wconf 91' lang='lat' dir='ltr'>in</span> <span class='ocrx_word' id='word_1_146' title='bbox 1346 1240 1496 1285; x_wconf 85' lang='lat' dir='ltr'>mulie-</span> 
     </span>
     <span class='ocr_line' id='line_1_16' title="bbox 121 1307 1494 1372; baseline 0.004 -21"><span class='ocrx_word' id='word_1_147' title='bbox 121 1330 142 1351; x_wconf 83' lang='lat'>»</span> <span class='ocrx_word' id='word_1_148' title='bbox 166 1309 298 1361; x_wconf 78' lang='lat' dir='ltr'>re1n23</span> <span class='ocrx_word' id='word_1_149' title='bbox 317 1330 337 1349; x_wconf 86' lang='lat'>»</span> <span class='ocrx_word' id='word_1_150' title='bbox 355 1324 455 1353; x_wconf 89' lang='lat' dir='ltr'>cum</span> <span class='ocrx_word' id='word_1_151' title='bbox 472 1308 703 1353; x_wconf 84' lang='lat' dir='ltr'>commixta</span> <span class='ocrx_word' id='word_1_152' title='bbox 728 1308 821 1353; x_wconf 65' lang='lat' dir='ltr'>viro</span> <span class='ocrx_word' id='word_1_153' title='bbox 840 1325 925 1353; x_wconf 89' lang='lat' dir='ltr'>non</span> <span class='ocrx_word' id='word_1_154' title='bbox 946 1307 1106 1354; x_wconf 76' lang='lat' dir='ltr'>fuisset.</span> <span class='ocrx_word' id='word_1_155' title='bbox 1126 1309 1212 1353; x_wconf 71' lang='lat' dir='ltr'>Nec</span> <span class='ocrx_word' id='word_1_156' title='bbox 1231 1310 1366 1372; x_wconf 77' lang='lat' dir='ltr'>ipsam</span> <span class='ocrx_word' id='word_1_157' title='bbox 1384 1329 1494 1356; x_wconf 88' lang='lat' dir='ltr'>mor-</span> 
     </span>
     <span class='ocr_line' id='line_1_17' title="bbox 123 1378 1490 1444; baseline 0.001 -19"><span class='ocrx_word' id='word_1_158' title='bbox 123 1391 207 1425; x_wconf 87' lang='lat' dir='ltr'>tem</span> <span class='ocrx_word' id='word_1_159' title='bbox 234 1378 424 1434; x_wconf 81' lang='lat' dir='ltr'>Christi,</span> <span class='ocrx_word' id='word_1_160' title='bbox 457 1389 499 1423; x_wconf 92' lang='lat' dir='ltr'>et</span> <span class='ocrx_word' id='word_1_161' title='bbox 520 1378 785 1441; x_wconf 77' lang='lat' dir='ltr'>sepulturam</span> <span class='ocrx_word' id='word_1_162' title='bbox 805 1417 815 1434; x_wconf 74' lang='lat'><em>‚</em></span> <span class='ocrx_word' id='word_1_163' title='bbox 845 1390 885 1423; x_wconf 87' lang='lat' dir='ltr'>et</span> <span class='ocrx_word' id='word_1_164' title='bbox 911 1380 1264 1424; x_wconf 78' lang='lat' dir='ltr'>resurrectionem</span> <span class='ocrx_word' id='word_1_165' title='bbox 1295 1382 1454 1444; x_wconf 86' lang='lat' dir='ltr'>accipit</span> <span class='ocrx_word' id='word_1_166' title='bbox 1480 1403 1490 1436; x_wconf 88' lang='lat'>;</span> 
     </span>
     <span class='ocr_line' id='line_1_18' title="bbox 119 1448 1491 1515; baseline 0.001 -20"><span class='ocrx_word' id='word_1_167' title='bbox 119 1449 478 1515; x_wconf 86' lang='lat' dir='ltr'>quandoquidem</span> <span class='ocrx_word' id='word_1_168' title='bbox 504 1448 728 1494; x_wconf 78' lang='lat' dir='ltr'>Christum</span> <span class='ocrx_word' id='word_1_169' title='bbox 753 1449 883 1505; x_wconf 81' lang='lat' dir='ltr'>dicit,</span> <span class='ocrx_word' id='word_1_170' title='bbox 912 1467 990 1495; x_wconf 90' lang='lat' dir='ltr'>nec</span> <span class='ocrx_word' id='word_1_171' title='bbox 1016 1449 1199 1494; x_wconf 76' lang='lat' dir='ltr'>mortale</span> <span class='ocrx_word' id='word_1_172' title='bbox 1224 1468 1384 1513; x_wconf 85' lang='lat' dir='ltr'>corpus</span> <span class='ocrx_word' id='word_1_173' title='bbox 1406 1452 1491 1498; x_wconf 88' lang='lat' dir='ltr'>ha-</span> 
     </span>
     <span class='ocr_line' id='line_1_19' title="bbox 120 1519 1493 1576; baseline 0.001 -10"><span class='ocrx_word' id='word_1_174' title='bbox 120 1520 264 1566; x_wconf 85' lang='lat' dir='ltr'>buisse</span> <span class='ocrx_word' id='word_1_175' title='bbox 280 1557 290 1576; x_wconf 85' lang='lat'><strong><em>‚</em></strong></span> <span class='ocrx_word' id='word_1_176' title='bbox 312 1520 389 1564; x_wconf 79' lang='lat' dir='ltr'>ubi</span> <span class='ocrx_word' id='word_1_177' title='bbox 412 1519 485 1564; x_wconf 90' lang='lat' dir='ltr'>illa</span> <span class='ocrx_word' id='word_1_178' title='bbox 508 1536 607 1564; x_wconf 76' lang='lat' dir='ltr'>vera</span> <span class='ocrx_word' id='word_1_179' title='bbox 632 1537 745 1564; x_wconf 89' lang='lat' dir='ltr'>mors</span> <span class='ocrx_word' id='word_1_180' title='bbox 763 1531 893 1573; x_wconf 82' lang='lat' dir='ltr'>esset3</span> <span class='ocrx_word' id='word_1_181' title='bbox 924 1537 1000 1565; x_wconf 92' lang='lat' dir='ltr'>nec</span> <span class='ocrx_word' id='word_1_182' title='bbox 1022 1519 1114 1564; x_wconf 85' lang='lat' dir='ltr'>illas</span> <span class='ocrx_word' id='word_1_183' title='bbox 1136 1520 1356 1566; x_wconf 72' lang='lat' dir='ltr'>cicatrices</span> <span class='ocrx_word' id='word_1_184' title='bbox 1375 1539 1493 1568; x_wconf 72' lang='lat' dir='ltr'>veras</span> 
     </span>
     <span class='ocr_line' id='line_1_20' title="bbox 121 1588 1494 1652; baseline 0.001 -16"><span class='ocrx_word' id='word_1_185' title='bbox 121 1591 248 1637; x_wconf 86' lang='lat' dir='ltr'>fuisse</span> <span class='ocrx_word' id='word_1_186' title='bbox 263 1627 274 1645; x_wconf 82' lang='lat'>,</span> <span class='ocrx_word' id='word_1_187' title='bbox 303 1607 408 1652; x_wconf 89' lang='lat' dir='ltr'>quas</span> <span class='ocrx_word' id='word_1_188' title='bbox 424 1599 522 1652; x_wconf 82' lang='lat' dir='ltr'>post</span> <span class='ocrx_word' id='word_1_189' title='bbox 540 1590 892 1634; x_wconf 83' lang='lat' dir='ltr'>resurrectionem</span> <span class='ocrx_word' id='word_1_190' title='bbox 915 1588 1148 1651; x_wconf 81' lang='lat' dir='ltr'>Discipulis</span> <span class='ocrx_word' id='word_1_191' title='bbox 1162 1590 1364 1646; x_wconf 78' lang='lat' dir='ltr'>ostendit,</span> <span class='ocrx_word' id='word_1_192' title='bbox 1393 1609 1494 1637; x_wconf 92' lang='lat' dir='ltr'>cum</span> 
     </span>
     <span class='ocr_line' id='line_1_21' title="bbox 121 1658 1493 1723; baseline 0.001 -18"><span class='ocrx_word' id='word_1_193' title='bbox 121 1661 179 1705; x_wconf 87' lang='lat' dir='ltr'>eis</span> <span class='ocrx_word' id='word_1_194' title='bbox 195 1697 204 1715; x_wconf 76' lang='lat'><strong><em>‚</em></strong></span> <span class='ocrx_word' id='word_1_195' title='bbox 228 1659 345 1723; x_wconf 90' lang='lat' dir='ltr'>quod</span> <span class='ocrx_word' id='word_1_196' title='bbox 368 1668 410 1703; x_wconf 90' lang='lat' dir='ltr'>et</span> <span class='ocrx_word' id='word_1_197' title='bbox 433 1658 594 1703; x_wconf 85' lang='lat' dir='ltr'>Paulus</span> <span class='ocrx_word' id='word_1_198' title='bbox 616 1660 974 1714; x_wconf 52' lang='lat' dir='ltr'>connnemoraffl,</span> <span class='ocrx_word' id='word_1_199' title='bbox 1002 1660 1126 1704; x_wconf 65' lang='lat' dir='ltr'>vivus</span> <span class='ocrx_word' id='word_1_200' title='bbox 1150 1661 1358 1723; x_wconf 84' lang='lat' dir='ltr'>apparuit</span> <span class='ocrx_word' id='word_1_201' title='bbox 1379 1679 1389 1706; x_wconf 91' lang='lat'>:</span> <span class='ocrx_word' id='word_1_202' title='bbox 1414 1679 1493 1707; x_wconf 89' lang='lat' dir='ltr'>nec</span> 
     </span>
     <span class='ocr_line' id='line_1_22' title="bbox 121 1731 1495 1794; baseline 0.001 -18"><span class='ocrx_word' id='word_1_203' title='bbox 121 1731 261 1794; x_wconf 80' lang='lat' dir='ltr'>ipsam</span> <span class='ocrx_word' id='word_1_204' title='bbox 290 1746 464 1775; x_wconf 86' lang='lat' dir='ltr'>carnem</span> <span class='ocrx_word' id='word_1_205' title='bbox 483 1740 841 1785; x_wconf 76' lang='lat' dir='ltr'>resurrecturam,</span> <span class='ocrx_word' id='word_1_206' title='bbox 866 1732 909 1775; x_wconf 89' lang='lat' dir='ltr'>in</span> <span class='ocrx_word' id='word_1_207' title='bbox 935 1747 1093 1793; x_wconf 86' lang='lat' dir='ltr'>corpus</span> <span class='ocrx_word' id='word_1_208' title='bbox 1127 1731 1317 1793; x_wconf 85' lang='lat' dir='ltr'>spiritale</span> <span class='ocrx_word' id='word_1_209' title='bbox 1347 1743 1495 1778; x_wconf 88' lang='lat' dir='ltr'>muta-</span> 
     </span>
     <span class='ocr_line' id='line_1_23' title="bbox 124 1800 1495 1864; baseline 0.001 -17"><span class='ocrx_word' id='word_1_210' title='bbox 124 1813 229 1857; x_wconf 79' lang='lat' dir='ltr'>tam,</span> <span class='ocrx_word' id='word_1_211' title='bbox 247 1801 359 1846; x_wconf 87' lang='lat' dir='ltr'>sicut</span> <span class='ocrx_word' id='word_1_212' title='bbox 379 1800 644 1863; x_wconf 79' lang='lat' dir='ltr'>apertissime</span> <span class='ocrx_word' id='word_1_213' title='bbox 662 1800 776 1846; x_wconf 87' lang='lat' dir='ltr'>idem</span> <span class='ocrx_word' id='word_1_214' title='bbox 799 1800 1029 1864; x_wconf 84' lang='lat' dir='ltr'>Apostolus</span> <span class='ocrx_word' id='word_1_215' title='bbox 1048 1801 1156 1846; x_wconf 84' lang='lat' dir='ltr'>dicit</span> <span class='ocrx_word' id='word_1_216' title='bbox 1181 1819 1191 1846; x_wconf 76' lang='lat' dir='ltr'>z</span> <span class='ocrx_word' id='word_1_217' title='bbox 1213 1823 1233 1841; x_wconf 85' lang='lat'>«</span> <span class='ocrx_word' id='word_1_218' title='bbox 1249 1803 1495 1848; x_wconf 83' lang='lat' dir='ltr'>Seminatur</span> 
     </span>
     <span class='ocr_line' id='line_1_24' title="bbox 125 1870 1495 1934; baseline 0.003 -20"><span class='ocrx_word' id='word_1_219' title='bbox 125 1894 145 1914; x_wconf 85' lang='lat'>»</span> <span class='ocrx_word' id='word_1_220' title='bbox 168 1888 328 1934; x_wconf 85' lang='lat' dir='ltr'>corpus</span> <span class='ocrx_word' id='word_1_221' title='bbox 350 1871 557 1925; x_wconf 79' lang='lat' dir='ltr'>animale,</span> <span class='ocrx_word' id='word_1_222' title='bbox 581 1871 715 1930; x_wconf 82' lang='lat' dir='ltr'>surgit</span> <span class='ocrx_word' id='word_1_223' title='bbox 733 1888 891 1933; x_wconf 80' lang='lat' dir='ltr'>corpus</span> <span class='ocrx_word' id='word_1_224' title='bbox 911 1870 1179 1934; x_wconf 62' lang='lat' dir='ltr'>spiritale4.»</span> <span class='ocrx_word' id='word_1_225' title='bbox 1198 1871 1234 1914; x_wconf 63' lang='lat' dir='ltr'>[T</span> <span class='ocrx_word' id='word_1_226' title='bbox 1239 1872 1322 1916; x_wconf 85' lang='lat' dir='ltr'>nde</span> <span class='ocrx_word' id='word_1_227' title='bbox 1343 1872 1495 1918; x_wconf 86' lang='lat' dir='ltr'>discer-</span> 
     </span>
     <span class='ocr_line' id='line_1_25' title="bbox 124 1940 1495 2004; baseline 0.001 -17"><span class='ocrx_word' id='word_1_228' title='bbox 124 1959 228 1988; x_wconf 87' lang='lat' dir='ltr'>nens</span> <span class='ocrx_word' id='word_1_229' title='bbox 248 1942 359 1986; x_wconf 86' lang='lat' dir='ltr'>inter</span> <span class='ocrx_word' id='word_1_230' title='bbox 377 1957 537 2003; x_wconf 89' lang='lat' dir='ltr'>corpus</span> <span class='ocrx_word' id='word_1_231' title='bbox 556 1940 739 1985; x_wconf 85' lang='lat' dir='ltr'>animale</span> <span class='ocrx_word' id='word_1_232' title='bbox 756 1951 797 1985; x_wconf 89' lang='lat' dir='ltr'>et</span> <span class='ocrx_word' id='word_1_233' title='bbox 812 1940 1021 2003; x_wconf 79' lang='lat' dir='ltr'>spiritale,</span> <span class='ocrx_word' id='word_1_234' title='bbox 1042 1941 1258 1986; x_wconf 76' lang='lat' dir='ltr'>contexuit</span> <span class='ocrx_word' id='word_1_235' title='bbox 1277 1942 1495 2004; x_wconf 84' lang='lat' dir='ltr'>quodjam</span> 
     </span>
     <span class='ocr_line' id='line_1_26' title="bbox 123 2010 1488 2073; baseline 0.001 -15"><span class='ocrx_word' id='word_1_236' title='bbox 123 2011 457 2058; x_wconf 77' lang='lat' dir='ltr'>commemoravi</span> <span class='ocrx_word' id='word_1_237' title='bbox 481 2010 535 2055; x_wconf 90' lang='lat' dir='ltr'>de</span> <span class='ocrx_word' id='word_1_238' title='bbox 569 2011 712 2073; x_wconf 85' lang='lat' dir='ltr'>primo</span> <span class='ocrx_word' id='word_1_239' title='bbox 746 2010 883 2056; x_wconf 82' lang='lat' dir='ltr'>Adam</span> <span class='ocrx_word' id='word_1_240' title='bbox 911 2021 951 2056; x_wconf 92' lang='lat' dir='ltr'>et</span> <span class='ocrx_word' id='word_1_241' title='bbox 981 2010 1034 2056; x_wconf 84' lang='lat' dir='ltr'>de</span> <span class='ocrx_word' id='word_1_242' title='bbox 1066 2011 1299 2057; x_wconf 74' lang='lat' dir='ltr'>novissimo</span> <span class='ocrx_word' id='word_1_243' title='bbox 1335 2012 1488 2060; x_wconf 88' lang='lat' dir='ltr'>Adam.</span> 
     </span>
     <span class='ocr_line' id='line_1_27' title="bbox 87 2082 1494 2146; baseline 0.001 -18"><span class='ocrx_word' id='word_1_244' title='bbox 87 2112 91 2115; x_wconf 40' lang='lat'><strong>⁴</strong></span> <span class='ocrx_word' id='word_1_245' title='bbox 123 2083 291 2129; x_wconf 86' lang='lat' dir='ltr'>Deinde</span> <span class='ocrx_word' id='word_1_246' title='bbox 312 2082 460 2127; x_wconf 87' lang='lat' dir='ltr'>intulit</span> <span class='ocrx_word' id='word_1_247' title='bbox 482 2082 636 2127; x_wconf 82' lang='lat' dir='ltr'>:«Hoc</span> <span class='ocrx_word' id='word_1_248' title='bbox 660 2092 802 2127; x_wconf 81' lang='lat' dir='ltr'>autem</span> <span class='ocrx_word' id='word_1_249' title='bbox 823 2082 946 2138; x_wconf 76' lang='lat' dir='ltr'>dico,</span> <span class='ocrx_word' id='word_1_250' title='bbox 970 2082 1142 2138; x_wconf 73' lang='lat' dir='ltr'>fratres,</span> <span class='ocrx_word' id='word_1_251' title='bbox 1170 2083 1374 2146; x_wconf 88' lang='lat' dir='ltr'>quoniam</span> <span class='ocrx_word' id='word_1_252' title='bbox 1394 2101 1494 2130; x_wconf 89' lang='lat' dir='ltr'>caro</span> 
     </span>
     <span class='ocr_line' id='line_1_28' title="bbox 125 2152 1496 2216; baseline 0.004 -21"><span class='ocrx_word' id='word_1_253' title='bbox 125 2176 146 2195; x_wconf 84' lang='grc'>»</span> <span class='ocrx_word' id='word_1_254' title='bbox 168 2166 210 2200; x_wconf 93' lang='lat' dir='ltr'>et</span> <span class='ocrx_word' id='word_1_255' title='bbox 233 2152 403 2213; x_wconf 86' lang='lat' dir='ltr'>sanguis</span> <span class='ocrx_word' id='word_1_256' title='bbox 425 2169 604 2212; x_wconf 86' lang='lat' dir='ltr'>regnum</span> <span class='ocrx_word' id='word_1_257' title='bbox 629 2153 709 2198; x_wconf 88' lang='lat' dir='ltr'>Dei</span> <span class='ocrx_word' id='word_1_258' title='bbox 735 2153 950 2216; x_wconf 86' lang='lat' dir='ltr'>possidere</span> <span class='ocrx_word' id='word_1_259' title='bbox 974 2170 1059 2198; x_wconf 92' lang='lat' dir='ltr'>non</span> <span class='ocrx_word' id='word_1_260' title='bbox 1082 2164 1263 2216; x_wconf 86' lang='lat' dir='ltr'>possunt</span> <span class='ocrx_word' id='word_1_261' title='bbox 1281 2153 1312 2201; x_wconf 81' lang='lat'>5,</span> <span class='ocrx_word' id='word_1_262' title='bbox 1327 2176 1345 2195; x_wconf 84' lang='lat'>›&gt;</span> <span class='ocrx_word' id='word_1_263' title='bbox 1372 2155 1426 2199; x_wconf 87' lang='lat' dir='ltr'>Et</span> <span class='ocrx_word' id='word_1_264' title='bbox 1443 2173 1496 2200; x_wconf 90' lang='lat' dir='ltr'>ne</span> 
     </span>
     <span class='ocr_line' id='line_1_29' title="bbox 124 2223 1492 2288; baseline 0.001 -19"><span class='ocrx_word' id='word_1_265' title='bbox 124 2225 357 2288; x_wconf 83' lang='lat' dir='ltr'>quisquam</span> <span class='ocrx_word' id='word_1_266' title='bbox 384 2223 523 2286; x_wconf 81' lang='lat' dir='ltr'>ipsam</span> <span class='ocrx_word' id='word_1_267' title='bbox 548 2224 732 2286; x_wconf 86' lang='lat' dir='ltr'>speciem</span> <span class='ocrx_word' id='word_1_268' title='bbox 761 2224 926 2277; x_wconf 86' lang='lat' dir='ltr'>carnis,</span> <span class='ocrx_word' id='word_1_269' title='bbox 966 2234 1006 2268; x_wconf 88' lang='lat' dir='ltr'>et</span> <span class='ocrx_word' id='word_1_270' title='bbox 1029 2224 1168 2286; x_wconf 83' lang='lat' dir='ltr'>ipsam</span> <span class='ocrx_word' id='word_1_271' title='bbox 1205 2225 1492 2270; x_wconf 79' lang='lat' dir='ltr'>substantiam</span> 
     </span>
     <span class='ocr_line' id='line_1_30' title="bbox 126 2293 1493 2358; baseline 0.001 -19"><span class='ocrx_word' id='word_1_272' title='bbox 126 2311 214 2339; x_wconf 91' lang='lat' dir='ltr'>non</span> <span class='ocrx_word' id='word_1_273' title='bbox 239 2310 361 2357; x_wconf 86' lang='lat' dir='ltr'>posse</span> <span class='ocrx_word' id='word_1_274' title='bbox 385 2310 600 2352; x_wconf 82' lang='lat' dir='ltr'>resurgere</span> <span class='ocrx_word' id='word_1_275' title='bbox 625 2293 897 2349; x_wconf 82' lang='lat' dir='ltr'>credidisset,</span> <span class='ocrx_word' id='word_1_276' title='bbox 937 2295 1171 2357; x_wconf 78' lang='lat' dir='ltr'>exprimere</span> <span class='ocrx_word' id='word_1_277' title='bbox 1207 2294 1352 2340; x_wconf 72' lang='lat' dir='ltr'>volens</span> <span class='ocrx_word' id='word_1_278' title='bbox 1385 2294 1493 2358; x_wconf 88' lang='lat' dir='ltr'>quid</span> 
     </span>
     <span class='ocr_line' id='line_1_31' title="bbox 126 2363 1493 2428; baseline -0.001 -18"><span class='ocrx_word' id='word_1_279' title='bbox 126 2382 243 2410; x_wconf 90' lang='lat' dir='ltr'>nunc</span> <span class='ocrx_word' id='word_1_280' title='bbox 262 2363 545 2428; x_wconf 83' lang='lat' dir='ltr'>appellaverit</span> <span class='ocrx_word' id='word_1_281' title='bbox 562 2381 737 2410; x_wconf 82' lang='lat' dir='ltr'>carnem</span> <span class='ocrx_word' id='word_1_282' title='bbox 756 2375 797 2410; x_wconf 90' lang='lat' dir='ltr'>et</span> <span class='ocrx_word' id='word_1_283' title='bbox 816 2364 1065 2425; x_wconf 87' lang='lat' dir='ltr'>sanguinem</span> <span class='ocrx_word' id='word_1_284' title='bbox 1078 2402 1088 2420; x_wconf 80' lang='grc'>,</span> <span class='ocrx_word' id='word_1_285' title='bbox 1115 2366 1217 2428; x_wconf 86' lang='lat' dir='ltr'>quia</span> <span class='ocrx_word' id='word_1_286' title='bbox 1241 2365 1379 2428; x_wconf 88' lang='lat' dir='ltr'>ipsam</span> <span class='ocrx_word' id='word_1_287' title='bbox 1400 2382 1493 2410; x_wconf 85' lang='lat' dir='ltr'>cor-</span> 
     </span>
     <span class='ocr_line' id='line_1_32' title="bbox 126 2433 1495 2498; baseline 0 -18"><span class='ocrx_word' id='word_1_288' title='bbox 126 2434 375 2498; x_wconf 84' lang='lat' dir='ltr'>ruptionem</span> <span class='ocrx_word' id='word_1_289' title='bbox 392 2433 572 2494; x_wconf 82' lang='lat' dir='ltr'>intelligi</span> <span class='ocrx_word' id='word_1_290' title='bbox 590 2434 743 2492; x_wconf 81' lang='lat' dir='ltr'>voluit‚</span> <span class='ocrx_word' id='word_1_291' title='bbox 771 2452 871 2498; x_wconf 83' lang='lat' dir='ltr'>quae</span> <span class='ocrx_word' id='word_1_292' title='bbox 891 2446 993 2481; x_wconf 89' lang='lat' dir='ltr'>tunc</span> <span class='ocrx_word' id='word_1_293' title='bbox 1011 2435 1057 2481; x_wconf 89' lang='lat' dir='ltr'>in</span> <span class='ocrx_word' id='word_1_294' title='bbox 1082 2436 1392 2481; x_wconf 86' lang='lat' dir='ltr'>resurrectione</span> <span class='ocrx_word' id='word_1_295' title='bbox 1402 2438 1495 2494; x_wconf 78' lang='lat' dir='ltr'>Jus-</span> 
     </span>
    </p>
   </div>
   <div class='ocr_carea' id='block_1_3' title="bbox 177 2523 1583 2576">
    <p class='ocr_par' dir='ltr' id='par_1_3' title="bbox 177 2523 1583 2576">
     <span class='ocr_line' id='line_1_33' title="bbox 177 2523 1583 2576; baseline 0 -19"><span class='ocrx_word' id='word_1_296' title='bbox 177 2526 187 2547; x_wconf 86' lang='lat'><strong>¹</strong></span> <span class='ocrx_word' id='word_1_297' title='bbox 212 2538 224 2556; x_wconf 95' lang='lat'>1</span> <span class='ocrx_word' id='word_1_298' title='bbox 242 2528 314 2557; x_wconf 87' lang='lat' dir='ltr'>Cor.</span> <span class='ocrx_word' id='word_1_299' title='bbox 331 2537 387 2569; x_wconf 75' lang='lat' dir='ltr'>xv,</span> <span class='ocrx_word' id='word_1_300' title='bbox 405 2529 437 2569; x_wconf 80' lang='lat'>3,</span> <span class='ocrx_word' id='word_1_301' title='bbox 455 2532 483 2558; x_wconf 73' lang='lat' dir='ltr'>et</span> <span class='ocrx_word' id='word_1_302' title='bbox 503 2538 554 2559; x_wconf 82' lang='lat'>12.</span> <span class='ocrx_word' id='word_1_303' title='bbox 572 2544 616 2550; x_wconf 90' lang='lat'>—</span> <span class='ocrx_word' id='word_1_304' title='bbox 634 2525 743 2559; x_wconf 82' lang='lat' dir='ltr'>2Gen.</span> <span class='ocrx_word' id='word_1_305' title='bbox 764 2538 798 2565; x_wconf 83' lang='lat'>11,</span> <span class='ocrx_word' id='word_1_306' title='bbox 817 2538 934 2560; x_wconf 79' lang='lat'><strong>22.—</strong></span> <span class='ocrx_word' id='word_1_307' title='bbox 953 2524 967 2550; x_wconf 84' lang='lat'><strong>3</strong></span> <span class='ocrx_word' id='word_1_308' title='bbox 989 2538 1000 2558; x_wconf 85' lang='lat' dir='ltr'>t</span> <span class='ocrx_word' id='word_1_309' title='bbox 1023 2528 1094 2559; x_wconf 87' lang='lat' dir='ltr'>Cor.</span> <span class='ocrx_word' id='word_1_310' title='bbox 1116 2538 1172 2569; x_wconf 77' lang='lat' dir='ltr'>xv,</span> <span class='ocrx_word' id='word_1_311' title='bbox 1196 2538 1224 2559; x_wconf 91' lang='lat'>1.</span> <span class='ocrx_word' id='word_1_312' title='bbox 1246 2543 1291 2550; x_wconf 90' lang='lat'>-—</span> <span class='ocrx_word' id='word_1_313' title='bbox 1309 2523 1323 2547; x_wconf 78' lang='lat'>⁴</span> <span class='ocrx_word' id='word_1_314' title='bbox 1339 2525 1422 2558; x_wconf 87' lang='lat' dir='ltr'>Ibid.</span> <span class='ocrx_word' id='word_1_315' title='bbox 1439 2532 1494 2562; x_wconf 70' lang='grc'>44.</span> <span class='ocrx_word' id='word_1_316' title='bbox 1537 2537 1583 2576; x_wconf 13' lang='grc' dir='ltr'>μ’·</span> 
     </span>
    </p>
   </div>
   <div class='ocr_carea' id='block_1_4' title="bbox 126 2575 383 2612">
    <p class='ocr_par' dir='ltr' id='par_1_4' title="bbox 126 2575 383 2612">
     <span class='ocr_line' id='line_1_34' title="bbox 126 2575 383 2612; baseline 0.016 -4"><span class='ocrx_word' id='word_1_317' title='bbox 126 2595 172 2602; x_wconf 91' lang='grc'><strong>-</strong></span> <span class='ocrx_word' id='word_1_318' title='bbox 196 2575 211 2601; x_wconf 84' lang='lat'>⁵</span> <span class='ocrx_word' id='word_1_319' title='bbox 224 2578 307 2611; x_wconf 86' lang='lat' dir='ltr'>Ibid.</span> <span class='ocrx_word' id='word_1_320' title='bbox 327 2579 383 2612; x_wconf 82' lang='lat'>50.</span> 
     </span>
    </p>
   </div>
  </div>
 </body>
</html>
