1795 3253
8 271 11 318 ἑ

100 289 276 322 CONTRA
310 287 577 321 ADIMANTUM
613 286 863 321 MANICHAEI
899 286 1117 319 DISCIPtL.
1160 287 1248 319 LIB.
1291 287 1322 319 Ι.
1392 271 1479 318 105

94 436 210 448 Μικκ-
222 442 226 446 .
235 434 699 450 ςῃΜΜννυΜΜΜιΜ
711 435 895 447 §vt-mm
904 436 1058 447 msa-svs
1067 437 1120 447 nxz
1128 436 1247 448 susm
1255 433 1451 449 Μνδθόννῦ

661 547 837 590 CAPUT
869 546 920 588 ΙΙ.

164 679 229 724 De
246 695 295 724 eo
319 678 438 741 quod
456 679 667 742 scriptum
685 688 746 724 est
769 695 780 723 ι
807 699 828 719 α
848 678 904 722 Et
923 675 1241 723 consummavit
1271 675 1386 721 Deus
1405 675 1475 720 die

101 769 122 790 2>
137 758 251 794 sexto
276 749 419 794 onmia
443 766 574 812 opera
600 766 674 794 sua
697 765 795 812 quae
817 747 922 793 fecit
938 784 948 804 ,
970 758 1012 792 et
1034 747 1079 792 in
1099 746 1280 809 septimo
1302 746 1475 808 requie-

102 819 199 864 »vit
231 819 286 864 ab
329 819 488 864 eisdem
526 820 730 865 omnibus
753 818 958 882 operibus
977 834 1078 881 quae
1092 814 1325 862 fecerat1.»
1359 816 1473 861 Huic

101 888 229 933 etiam
275 888 372 934 loco
415 890 651 934 Manichaei
694 888 954 934 calumniam
1002 896 1201 942 movent,
1243 896 1285 930 et
1321 885 1475 931 dicunt

101 958 225 1004 Novo
249 959 523 1004 Testamento
543 959 758 1004 adversari
779 958 898 1022 quod
921 958 966 1003 in
985 957 1139 1002 Genesi
1160 955 1372 1018 scriptum
1393 965 1471 1010 est,

98 1029 239 1074 Deum
261 1029 443 1092 septimo
478 1029 547 1075 die
569 1030 824 1092 requievisse
847 1029 903 1074 ab
929 1027 1130 1073 omnibus
1149 1026 1354 1088 operibus
1389 1025 1476 1069 suis

97 1115 197 1161 quae
213 1099 342 1144 fecit:
366 1099 573 1163 quoniam
597 1101 808 1145 Dominus
829 1099 875 1144 in
891 1096 1125 1157 Evangelio
1150 1096 1284 1141 dicit:
1308 1096 1476 1140 «Pater

97 1189 119 1210 >2
140 1185 259 1214 meus
272 1185 407 1232 usque
424 1186 540 1215 nunc
561 1170 808 1232 operatur2.
832 1190 851 1210 ›>
873 1167 1004 1225 Quod
1019 1167 1139 1212 nullo
1153 1165 1283 1211 modo
1303 1176 1474 1211 contra-

95 1237 210 1283 rium
230 1249 304 1284 est.
329 1239 541 1284 Dominus
561 1239 676 1284 enim
712 1240 735 1283 J
742 1239 970 1284 udaeorum
998 1236 1152 1282 refellit
1168 1253 1372 1292 errorem,
1399 1234 1476 1298 qui

95 1308 313 1370 putabant
347 1309 487 1354 Deum
521 1309 581 1353 sic
622 1309 877 1372 requievisse
917 1308 987 1353 die
1011 1307 1221 1370 septimo,
1244 1317 1292 1351 ut
1329 1324 1375 1351 ex
1398 1305 1473 1350 illo

94 1395 271 1441 prorsus
291 1378 404 1424 nihil
431 1390 696 1442 operaretur.
729 1379 960 1442 Requievit
993 1389 1136 1423 autem
1177 1377 1234 1423 ab
1270 1377 1474 1421 omnibus

96 1449 302 1511 operibus
325 1449 411 1494 suis
434 1466 534 1512 quae
553 1448 678 1505 fecit,
707 1460 755 1494 ut
774 1453 868 1509 jam
905 1449 1017 1495 ultra
1042 1466 1131 1494 non
1158 1448 1317 1494 faceret
1339 1463 1475 1492 mun-

96 1518 202 1564 dum
222 1536 323 1565 cum
347 1520 550 1565 omnibus
566 1537 665 1582 quae
683 1520 728 1565 in
752 1537 800 1565 eo
824 1530 924 1564 sunt
946 1556 957 1575 ,
984 1536 1071 1564 non
1085 1529 1228 1564 tamen
1248 1528 1297 1563 ut
1313 1517 1440 1562 etiam
1453 1533 1477 1561 a

94 1589 250 1634 mundi
269 1589 642 1635 administratione
666 1590 968 1652 requiesceret.
998 1591 1098 1635 Non
1125 1589 1240 1634 enim
1262 1589 1475 1650 scriptum

95 1669 157 1704 est
177 1676 187 1704 :
204 1659 438 1722 Requievit
461 1660 577 1705 Deus
597 1660 652 1704 ab
677 1660 881 1704 omnibus
910 1659 1117 1721 operibus
1143 1658 1244 1714 suis,
1273 1669 1322 1702 ut
1346 1658 1474 1702 dein-

95 1746 196 1792 ceps
209 1746 297 1775 non
319 1739 583 1792 operaretur.
615 1729 699 1774 Sed
718 1730 931 1792 scriptum
950 1739 1011 1774 est
1031 1746 1042 1773 ι
1068 1749 1088 1769 c<
1105 1728 1338 1791 Requievit
1358 1730 1475 1773 Deus

96 1820 117 1840 ›>
145 1799 201 1844 ab
221 1799 425 1844 omnibus
445 1799 654 1861 operibus
674 1799 760 1843 suis
789 1816 889 1861 quae
909 1797 1012 1844 fecit
1033 1815 1043 1843 ε
1063 1819 1083 1839 »
1116 1809 1164 1843 ut
1198 1797 1354 1843 deinde
1389 1815 1476 1843 non

93 1869 140 1914 in
156 1869 355 1915 faciendo
379 1869 563 1923 mundo,
594 1887 615 1914 a
639 1886 726 1932 quo
753 1887 882 1932 opere
901 1880 999 1932 post
1015 1868 1327 1932 perfectionem
1341 1885 1474 1913 cessa-

95 1949 213 1985 verat
232 1959 243 1993 ;
280 1939 353 1984 sed
383 1939 429 1984 in
471 1938 813 1984 administrando
850 1949 1122 2001 operaretur,
1165 1938 1209 1983 in
1233 1955 1319 2001 quo
1345 1955 1474 2001 opere

94 2026 194 2054 eum
216 2026 302 2054 esse
326 2009 536 2054 Dominus
550 2009 782 2055 intimavit.
816 2010 904 2054 Nec
929 2009 1002 2054 illa
1023 2009 1206 2071 requies,
1234 2009 1356 2072 quasi
1375 2019 1473 2071 post

93 2080 287 2125 laborem
314 2080 452 2124 Deum
476 2095 657 2141 pausam
679 2079 905 2142 quaesisse,
934 2078 1007 2124 sed
1025 2079 1081 2123 ab
1108 2078 1381 2124 instituendis
1407 2096 1468 2124 re-

95 2165 193 2194 rum
216 2148 380 2193 naturis
401 2158 501 2211 post
518 2165 665 2193 earum
692 2165 835 2194 rerum
856 2148 1166 2212 perfectionem
1191 2166 1370 2194 cessasse
1390 2149 1472 2208 sig-

94 2218 262 2274 nificat,
285 2218 482 2281 quamvis
502 2235 636 2281 usque
655 2219 799 2265 adhuc
813 2219 859 2264 in
875 2218 1231 2264 administrandis
1248 2229 1464 2282 operetur.

161 2288 344 2334 Sabbati
361 2299 504 2333 autem
524 2290 841 2334 observationes
872 2306 962 2334 non
987 2288 1289 2348 intelligebant
1306 2293 1328 2334 J
1333 2289 1465 2345 udaei‚

95 2360 172 2422 qui
188 2359 407 2422 putabant
425 2359 480 2404 ab
498 2359 547 2404 iis
567 2359 696 2404 etiam
715 2360 920 2423 operibus
937 2397 947 2409 .
985 2376 1084 2422 quae
1110 2359 1163 2404 ad
1181 2359 1359 2404 salutem
1384 2359 1473 2404 ho-

96 2429 264 2474 minum
275 2428 421 2475 valent
438 2440 636 2493 oportere
659 2431 827 2477 cessari.
853 2429 979 2475 Unde
994 2429 1089 2475 illos
1107 2430 1321 2475 Dominus
1345 2429 1475 2475 etiam

99 2499 190 2545 aliis
206 2498 313 2544 locis
336 2499 390 2545 de
399 2499 513 2546 bove
529 2500 605 2563 qui
620 2500 664 2546 in
681 2510 864 2564 puteum
881 2499 1057 2558 cecidit,
1074 2510 1115 2546 et
1132 2503 1331 2560 jumento
1355 2499 1476 2564 quod

148 2592 320 2638 ¹Gen.11,
342 2603 376 2628 2.
398 2611 440 2619 —
457 2591 473 2615 2
492 2595 575 2626 Joan
588 2605 618 2634 v,
640 2606 668 2625 1.
