1795 3253
243 280 415 312 CONTRA
452 281 651 312 rAusrun
686 280 986 320 MANicnAEuM,
1025 284 1112 316 tm.
1154 286 1261 318 xvn.
1358 275 1446 330 461

81 347 270 412 »ipsum
307 347 499 393 existimo
535 363 688 410 capere
708 346 922 392 mundum
953 350 1028 411 qui
1068 351 1362 399 scriberentur
1397 354 1454 400 li·-

82 441 103 462 »
129 418 287 465 bros1?
310 440 331 461 υ
352 420 435 465 Hic
461 420 611 482 utique
625 417 814 465 ostendit
828 436 871 464 se
889 420 1093 466 scientem
1111 423 1247 469 multa
1267 436 1451 487 praeter-

81 490 256 537 misisse.
282 489 366 535 Sed
387 490 420 534 si
447 489 500 534 de
525 491 635 549 Lege
663 500 703 534 et
728 489 961 553 Prophetis
978 509 1052 537 vos
1075 491 1259 539 delectat
1277 496 1456 541 Joannis

83 560 336 617 auctoritas,
361 559 520 605 Joanni
545 559 707 605 credite
731 561 947 605 attestanti
971 562 1072 621 Legi
1102 574 1143 608 et
1172 566 1398 629 Prophetis
1416 567 1448 613 ‘'·.

82 632 181 694 Ipse
214 630 386 693 scripsit
404 629 523 693 quod
544 630 672 675 lsa'i'as
690 629 852 676 viderit
878 631 1040 677 Christi
1067 632 1261 692 gloriam.
1292 638 1340 682 In
1365 642 1457 697 ejus

81 702 253 748 habetis
282 701 533 761 Evangelio,
563 701 678 746 unde
695 704 786 760 jam
827 702 961 765 paulo
1004 714 1102 749 ante
1137 708 1415 754 tractavimus
1444 726 1455 753 τ

83 794 104 815 (ι
131 772 176 818 Si
203 771 433 818 crederetis
445 772 603 833 Moysi,
633 771 862 818 crederetis
879 784 920 818 et
940 773 1074 827 mihi;
1094 775 1148 821 de
1171 794 1237 822 me
1255 779 1365 823 enim
1390 778 1460 824 ille

83 865 104 886 >)
129 842 301 906 scripsit
325 842 357 888 3.
387 863 406 883 »
434 840 639 904 Undique
677 842 972 902 tergiversatio
996 856 1134 891 vestra
1159 849 1459 896 contunditur.

85 915 243 978 Aperte
255 913 386 959 dieite
405 929 492 957 non
511 929 585 958 vos
597 912 771 958 credere
784 914 950 960 Christi
968 916 1200 975 Evangelio
1222 936 1233 963 ι
1263 936 1364 965 nam
1387 921 1464 983 qui

82 986 129 1031 in
143 983 380 1044 Evangelio
391 982 511 1047 quod
529 983 660 1029 vultis
676 984 866 1041 creditis,
882 985 1003 1049 quod
1022 987 1152 1033 vultis
1164 1006 1250 1034 non
1273 989 1444 1036 creditis

83 1055 207 1103 vobis
230 1054 376 1120 potius
393 1071 527 1118 quam
555 1054 787 1114 Evangelio
813 1056 1001 1104 creditis.

148 1125 222 1173 lV.
266 1126 322 1171 At
346 1140 478 1188 quam
513 1123 751 1184 elegantem
794 1143 884 1171 rem
917 1126 1001 1172 sibi
1035 1128 1151 1174 visus
1183 1141 1244 1175 est
1281 1132 1461 1178 Faustus

83 1196 252 1251 dicere,
296 1195 374 1240 ubi
408 1204 641 1257 propterea
679 1194 817 1241 voluit
850 1213 939 1242 non
964 1197 1083 1244 credi
1116 1198 1215 1246 liaec
1248 1201 1464 1265 scripsisse

85 1267 346 1313 Matthaeum
367 1301 377 1322 ,
404 1264 506 1328 quia
531 1281 631 1309 cum
655 1264 708 1309 de
732 1282 806 1311 sua
825 1266 1033 1313 electione
1052 1268 1242 1325 diceret,
1267 1289 1353 1317 non
1372 1273 1460 1318 ait:

83 1338 205 1384 Vidit
227 1354 294 1382 me
312 1372 324 1392 ‚
359 1346 399 1380 et
431 1334 538 1380 dixit
560 1334 671 1380 mihi
688 1372 698 1389 ‚
736 1336 923 1399 Sequere
948 1356 1046 1392 me3
1069 1339 1141 1385 sed
1162 1378 1173 1391 ,
1200 1341 1318 1386 Vidit
1346 1344 1463 1388 Mat-

84 1409 251 1454 thaeum
271 1444 281 1459 ,
309 1417 350 1452 et
369 1405 476 1451 dixit
500 1405 537 1451 ei
568 1422 578 1449 :
611 1406 796 1469 Sequere
820 1407 919 1451 nie²⁸
959 1425 969 1452 :
997 1408 1116 1470 quod
1143 1410 1285 1456 nescio
1316 1422 1464 1458 utrum

84 1478 138 1526 de
156 1494 298 1524 errore
326 1475 557 1539 imperitiae
575 1474 747 1532 dixerit,
770 1494 822 1521 an
838 1476 891 1522 de
915 1494 1034 1523 more
1054 1478 1253 1527 fiillaciae.
1274 1481 1356 1527 Sed
1378 1500 1465 1529 non

84 1567 221 1613 usque
243 1547 347 1595 adeo
376 1547 628 1610 imperitum
654 1548 928 1610 putaverim,
974 1559 1021 1594 ut
1051 1567 1130 1596 nec
1166 1550 1347 1611 legerit,
1387 1570 1466 1600 nec

85 1620 293 1676 audierit,
323 1617 458 1663 solere
482 1617 712 1680 scriptores
726 1634 869 1663 rerum
890 1628 1103 1677 gestarum
1123 1656 1133 1676 ‚
1154 1637 1255 1666 cum
1280 1622 1324 1667 in
1343 1640 1465 1669 suam

83 1707 314 1755 personam
338 1688 560 1742 venerint,
588 1687 648 1732 ita
681 1705 723 1733 se
757 1698 1010 1740 contexere,
1051 1700 1257 1750 tanquam
1295 1690 1349 1735 de
1381 1690 1465 1737 alio

84 1770 278 1807 narrent.
308 1756 429 1821 quod
455 1754 509 1801 de
534 1771 576 1799 se
603 1765 795 1801 narrant.
837 1755 975 1814 Magis
1008 1773 1108 1817 ergo
1133 1757 1255 1805 hunc
1276 1761 1467 1808 arbitror

85 1849 174 1877 non
196 1840 244 1875 ut
268 1826 521 1891 imperitum
538 1861 549 1881 ‚
578 1823 651 1869 sed
676 1834 725 1869 ut
754 1824 965 1888 imperitis
990 1827 1197 1873 nebulam
1229 1830 1465 1877 obtendere

86 1900 270 1949 voluisse
290 1936 301 1956 ,
323 1906 567 1961 sperantem
591 1911 632 1939 se
646 1894 792 1957 plures
809 1912 894 1940 esse
913 1907 1164 1959 capturum,
1184 1899 1261 1962 qui
1280 1900 1358 1946 ista
1376 1919 1466 1947 non

86 1981 272 2019 nossent.
317 1969 374 2014 Et
403 1968 447 2014 in
479 1965 659 2011 historia
689 1964 864 2028 quiden]
890 1983 1035 2012 rerum
1069 1968 1342 2016 saecularium
1372 1972 1466 2018 talis

87 2039 347 2089 narrationis
368 2037 646 2101 reperiuntur
670 2035 863 2099 exempla
889 2053 900 2081 ι
928 2037 1001 2083 sed
1031 2055 1118 2084 non
1139 2056 1250 2104 opus
1271 2052 1398 2088 estut
1417 2060 1466 2088 ex

89 2113 173 2160 alio
198 2127 347 2173 genere
373 2109 614 2156 litterarum
644 2107 711 2152 vel
739 2118 906 2153 nostros
932 2108 1188 2156 admoneam
1204 2148 1215 2165 ‚
1245 2113 1312 2159 vel
1334 2113 1464 2161 istum

36 2188 39 2189 ⁷
88 2183 295 2231 refellam.
326 2183 426 2246 Ipse
449 2190 564 2226 certe
585 2178 717 2243 paulo
743 2188 839 2224 ante
862 2178 915 2225 de
932 2179 1056 2227 libris
1083 2183 1228 2245 Moysi
1257 2183 1462 2248 quaedam

90 2253 332 2301 testimonia
368 2253 426 2298 ita
460 2249 711 2316 proferebat
733 2288 743 2305 ‚
778 2260 825 2295 ut
855 2267 943 2296 non
978 2268 1025 2297 ea
1050 2264 1224 2313 negaret
1247 2255 1464 2319 scripsisse

90 2328 273 2388 Moysen
295 2360 306 2380 9
339 2323 426 2369 imo
445 2332 487 2367 et
508 2320 739 2367 affirmaret
756 2357 767 2375 ,
796 2320 867 2366 sed
890 2321 943 2367 ad
970 2322 1197 2369 Christum
1218 2341 1305 2370 non
1329 2327 1469 2389 perti-

91 2413 191 2442 nere
216 2393 506 2440 contenderet.
554 2393 688 2450 Legat
717 2408 816 2451 ergo
851 2392 895 2438 in
920 2392 1077 2438 eisdem
1107 2393 1252 2450 libris,
1284 2412 1383 2459 quae
1413 2395 1467 2442 de

93 2484 136 2512 se
166 2465 339 2528 scripsit
363 2468 536 2526 B'l'oyses
553 2500 562 2518 ‚
592 2472 736 2507 utrum
759 2463 815 2507 ita
836 2463 1054 2526 scripserit
1076 2482 1121 2509 z«
1138 2465 1232 2509 Dixi
1250 2501 1260 2519 ,
1289 2477 1363 2511 aut
1383 2466 1466 2512 feci

1450 1027 1466 1049 2

141 2564 150 2586 ¹
173 2566 268 2596 Joan.
290 2574 354 2594 xxx.
373 2564 429 2601 25,
452 2569 480 2593 et
501 2572 553 2599 xx,
572 2563 623 2594 30.
646 2577 688 2585 »-
720 2560 734 2580 ²
761 2560 807 2591 1¹1.
827 2571 887 2595 xxi.
907 2566 964 2599 41,
997 2566 1028 2593 et
1045 2562 1114 2593 lsai.
1132 2571 1274 2604 1.112,pe1¹
1293 2567 1404 2595 totum.
1422 2579 1466 2588 --

93 2611 386 2656 31d,v‚4ss.-4
412 2611 529 2647 *stettin
560 2623 602 2649 xx,
619 2625 649 2654 9.
