1795 3253
230 310 406 342 CONTRA
439 311 642 343 FAUSTUM
678 310 983 352 MANICHAEUM,
1022 312 1111 344 LIB.
1157 313 1229 345 XV.
1338 299 1424 354 411

48 375 176 423 etiam
195 377 366 422 firmat?
391 376 456 422 Ita
481 376 622 423 littera
642 393 744 422 cum
770 375 928 439 spiritu
947 414 958 433 ,
988 388 1030 423 et
1055 377 1118 424 lex
1141 394 1242 424 cum
1270 378 1429 438 gratia,

41 452 131 508 jam
148 464 237 492 non
254 464 302 493 eo
322 447 452 493 modo
476 447 619 493 littera
636 458 677 492 et
700 446 765 492 lex
790 448 1054 510 appellatur,
1075 449 1278 512 sicutper
1294 466 1335 494 50
1356 449 1430 512 ip-

47 536 134 566 sam
155 536 255 565 cum
270 519 432 565 occidit
447 520 698 566 abundante
715 518 892 565 delicto.
928 521 944 564 Ι
953 531 994 565 ta
1011 522 1127 566 enim
1151 519 1215 566 lex
1234 532 1274 566 01
1294 521 1431 567 virtus

48 589 218 653 peccati
240 588 357 635 dicta
372 600 450 646 est,
479 607 580 636 cum
598 600 721 650 auget
753 592 843 649 ejus
877 590 1049 635 noxiam
1076 590 1427 643 delectationem,

50 676 130 724 per
152 676 339 705 severam
377 661 738 723 prohibitionem.
772 660 862 705 Nec
889 671 1034 706 tamen
1068 661 1198 706 etiam
1231 661 1293 706 sic
1318 662 1433 707 mala

50 739 143 775 est:
166 728 237 774 sed
271 740 504 793 peccatum
546 740 593 776 ut
627 739 835 793 appareat
872 741 1127 793 peccatum,
1150 748 1228 794 per
1264 731 1433 777 1101111111

52 810 275 864 operatum
293 811 354 846 est
371 811 551 846 mortem
570 800 602 847 1.
632 802 698 846 lta
723 800 860 846 multa
876 801 1142 864 quibusdam
1165 811 1266 846 suut
1284 801 1429 857 noxia,

52 870 249 934 quamvis
270 887 359 916 nou
392 872 477 918 sint
502 871 627 918 mala.
662 872 774 917 Nam
799 882 841 916 et
868 889 944 918 vos
966 889 1067 917 cum
1089 871 1237 917 oculos
1261 871 1431 928 doletis,

53 947 182 986 etiam
197 952 347 987 contra
362 941 491 988 deum
507 953 697 988 vestrum
710 942 841 988 solem
858 941 1062 988 fenestras
1082 942 1299 988 clauditis.
1325 943 1434 988 Haec
1459 983 1462 986 Α

51 1011 184 1071 igitur
203 1029 358 1075 sponsa
384 1013 576 1069 Christi,
598 1017 691 1073 jam
727 1023 899 1059 mortua
919 1013 1019 1073 legi,
1046 1012 1093 1059 id
1114 1024 1200 1069 est,
1224 1023 1404 1076 peccato
1421 1049 1433 1068 ,

55 1082 173 1145 quod
209 1082 312 1143 legis
340 1084 640 1147 prohibitione
665 1084 715 1129 fit
751 1084 1049 1130 abundantius
1070 1122 1081 1141 ,
1123 1100 1224 1130 cum
1249 1083 1312 1129 lex
1347 1084 1436 1129 sine

55 1153 192 1212 gratia
208 1154 361 1212 jubet,
390 1171 478 1200 non
498 1158 624 1214 juvat
646 1171 656 1198 ε
683 1154 758 1200 tali
788 1172 887 1215 ergo
909 1155 991 1215 legi
1017 1166 1191 1201 mortua
1216 1165 1264 1200 ut
1286 1154 1339 1200 sit
1367 1153 1435 1199 al-

57 1223 187 1270 terius
207 1225 283 1288 qui
305 1242 353 1271 ex
377 1226 559 1272 mortuis
583 1226 823 1282 resurrexit,
862 1226 1069 1272 disceruit
1091 1227 1171 1271 ista
1205 1226 1293 1271 siue
1329 1225 1435 1285 legis

53 1294 230 1355 injuria,
251 1313 303 1342 ne
326 1296 595 1356 sacrilegium
610 1297 855 1342 committat
870 1297 916 1342 in
927 1301 962 1357 ej
972 1314 1018 1342 us
1040 1307 1262 1343 auctorem
1281 1314 1292 1341 t
1314 1296 1435 1360 quod

56 1375 103 1410 tu
115 1364 222 1411 facis
243 1365 289 1410 iu
311 1383 428 1421 eum,
456 1383 587 1430 quem
612 1366 916 1426 nouiutelligis
931 1377 1154 1412 auctorem
1174 1366 1307 1420 boni3
1335 1384 1436 1412 cum

60 1434 208 1481 audias
223 1435 479 1499 Apostolum
502 1436 718 1482 dicentem
742 1453 753 1482 ε
774 1458 793 1477 «
810 1438 961 1500 Itaque
987 1437 1051 1482 lex
1068 1436 1246 1500 quidem
1270 1448 1435 1493 sancta,

60 1527 80 1548 ›>
108 1515 150 1550 et
176 1505 433 1551 mandatum
458 1517 656 1552 sanctum
682 1517 724 1552 et
755 1511 924 1566 justum
947 1518 990 1553 et
1028 1508 1195 1552 boumn
1216 1510 1249 1554 ².
1275 1528 1296 1549 »
1326 1509 1438 1554 Ecce

62 1587 214 1623 auctor
229 1577 336 1623 boni
354 1588 443 1634 est,
467 1578 543 1642 qui
567 1578 649 1623 11111
673 1577 845 1624 videtur
865 1595 976 1624 unus
999 1595 1047 1623 ex
1070 1578 1349 1641 principibus
1374 1589 1440 1624 te-

61 1647 309 1693 nebrarum.
330 1648 514 1693 Attende
534 1648 756 1694 veritatem
772 1685 782 1703 ‚
798 1647 895 1694 ferit
915 1649 996 1694 tibi
1010 1649 1176 1705 0011105,
1195 1650 1308 1694 Εο00
1328 1649 1441 1694 Pau-

61 1717 129 1763 lus
149 1717 370 1780 apostolus
388 1717 496 1763 dicit
519 1735 529 1762 ς
568 1738 588 1759 c<
610 1719 697 1763 Lex
716 1718 894 1781 quidem
929 1728 1093 1774 sancta,
1123 1728 1164 1762 et
1188 1718 1444 1763 mandatum

65 1809 86 1830 ›>
108 1800 304 1834 sanctum
328 1791 550 1848 etjustum
571 1798 613 1834 et
630 1789 813 1835 1101111111.
839 1811 860 1831 »
885 1793 999 1834 Ecce
1022 1791 1147 1850 cujus
1174 1799 1327 1834 auctor
1351 1800 1438 1846 est,

64 1859 141 1922 qui
157 1858 439 1922 diptychium
454 1858 582 1916 illud,
605 1859 725 1923 quod
744 1859 1053 1915 stultairrides,
1077 1859 1124 1904 iu
1144 1859 1441 1918 1113901510Γᾶ-

65 1929 198 1976 11101111
212 1929 574 1993 dispensationem
597 1929 824 1993 praemisit.
847 1929 1011 1975 Eadem
1035 1930 1202 1993 quippe
1219 1931 1323 1985 Lex,
1344 1945 1445 1993 quae

66 2018 145 2065 per
166 2002 344 2062 Moysen
366 2000 467 2046 data
491 2012 574 2058 est,
603 2001 738 2061 gratia
761 2011 802 2046 et
827 2001 984 2047 veritas
1007 2018 1086 2064 per
1114 2002 1139 2046 J
1144 2017 1264 2046 esum
1295 2000 1445 2046 Chris-

69 2083 163 2117 tum
182 2069 297 2116 facta
313 2071 417 2127 0513,
446 2088 547 2117 curn
574 2072 751 2117 accessit
771 2071 927 2117 litterae
947 2072 1141 2134 spiritus,
1161 2081 1209 2116 ut
1232 2071 1447 2134 ineiperet

69 2141 241 2205 impleri
261 2141 430 2202 justitia
448 2142 569 2202 legiS,
591 2158 689 2205 quae
705 2159 794 2187 nou
812 2142 992 2205 impleta
1017 2158 1110 2187 reos
1129 2141 1258 2187 etiam
1280 2158 1449 2204 praeva-

70 2212 280 2258 ricatione
301 2212 503 2260 faciebat.
529 2214 678 2276 Neque
698 2213 813 2259 enim
836 2214 920 2259 alia
947 2213 1012 2259 lex
1031 2224 1092 2259 est
1117 2223 1263 2258 sancta
1279 2223 1320 2258 et
1334 2216 1450 2272 justa

71 2293 115 2330 et
136 2284 270 2340 bona,
304 2295 346 2330 et
377 2285 458 2331 alia
483 2302 563 2349 per
591 2302 725 2348 quam
754 2296 986 2348 peccatum
1016 2296 1202 2331 mortem
1223 2295 1446 2348 operatur,

73 2354 145 2399 cui
171 2354 283 2400 mori
306 2371 385 2400 nos
420 2365 621 2418 oportet,
650 2366 699 2400 ut
733 2356 865 2401 simus
896 2355 1071 2402 alterius
1098 2354 1176 2418 qui
1202 2371 1247 2398 ex
1273 2353 1454 2399 mortuis

74 2426 300 2470 resurrexit
319 2442 330 2470 ε
357 2425 431 2471 sed
447 2425 598 2472 eadem
621 2425 716 2488 ipsa
735 2436 810 2473 est.
839 2426 956 2472 Eece
976 2442 1168 2489 sequere,
1191 2423 1296 2483 lege.
1321 2445 1342 2465 α
1367 2421 1454 2469 Sed

76 2516 97 2537 »
122 2505 378 2558 peccatum,
400 2496 570 2560 inquit,
597 2506 645 2541 ut
667 2506 873 2559 appareat
897 2506 1126 2561 peccatum
1144 2531 1155 2551 ,
1179 2511 1259 2557 per
1284 2494 1456 2539 bouum

77 2587 99 2608 a>
122 2565 235 2612 mihi
251 2576 313 2612 est
333 2576 561 2631 operatum
582 2576 766 2612 mortem
781 2603 792 2622 ,
816 2577 866 2613 ut
895 2569 971 2614 fiat
992 2583 1125 2631 supra
1140 2563 1324 2611 modum
1349 2580 1456 2628 pec-

127 2646 137 2669 ¹
156 2650 252 2682 Rom.
274 2658 332 2687 vu,
354 2649 405 2680 13.
420 2646 595 2681 -21bid.
614 2658 728 2684 12.—-
742 2645 756 2672 3
773 2651 870 2683 Joan.
891 2661 916 2690 1,
941 2662 993 2690 17.
