1795 3253
107 283 282 313 CONTRA
318 282 586 313 ADIMANTUM
620 282 856 312 MANICHAEI
894 283 1112 314 DISCIPUL.
1154 284 1242 314 LIB.
1286 284 1316 314 1.
1387 270 1470 331 157

107 359 338 412 ceperant,
365 348 543 412 quando
572 349 670 394 irati
703 347 761 393 eis
797 364 820 392 a
846 347 1006 411 quibus
1038 365 1124 394 non
1154 348 1479 412 recipiebantur

105 420 322 484 hospitio,
342 421 636 484 quaesiverunt
663 419 716 465 de
746 420 936 465 Domino
952 456 963 475 ‚
986 430 1134 465 utrum
1161 420 1288 466 vellet
1307 438 1376 466 eos
1397 438 1479 483 pe-

107 501 194 535 tere
213 491 354 550 ignem
379 490 432 536 de
445 490 589 547 coelo,
610 490 721 536 sicut
746 489 860 534 Elias
886 488 1070 546 fecerat,
1098 507 1186 553 quo
1209 491 1305 550 igne
1331 490 1481 535 homi-

105 576 178 604 nes
219 559 501 623 inhospitales
540 558 939 606 consumerenturl.
992 560 1118 605 Tunc
1157 560 1379 622 respondit
1422 560 1479 604 eis

106 629 343 686 Dominus,
371 630 519 675 dicens
544 647 614 675 eos
637 629 800 675 nescire
823 633 949 689 cujus
967 631 1142 692 spiritus
1160 630 1239 674 filii
1257 640 1414 684 essent,
1441 640 1483 673 et

104 699 224 763 quod
247 700 338 764 ipse
371 700 554 746 liberare
582 701 788 757 venisset,
816 717 904 745 non
929 701 1134 763 perdere3
1173 700 1380 764 quoniam
1420 699 1483 744 illi

106 771 249 816 animo
271 771 450 817 inimico
469 773 648 836 perdere
665 772 904 835 cupiebant
920 789 990 817 eos
1003 809 1014 827 ‚
1034 789 1142 835 quos
1164 770 1369 816 volebant
1388 770 1484 830 igne

105 841 315 888 consumi.
344 842 496 888 Postea
517 860 616 888 vero
642 860 742 888 cum
759 841 928 905 impleti
953 852 1089 887 essent
1117 842 1283 904 Spiritu
1301 852 1448 886 sancto
1468 878 1478 892 ,

105 922 146 957 et
178 911 359 975 perfecti
385 912 489 959 facti
513 925 678 969 essent,
707 915 783 978 qui
803 918 895 974 jam
923 923 1099 977 possent
1128 913 1256 958 etiam
1285 913 1484 958 inimicos

105 982 306 1043 diligere,
343 995 606 1047 acceperunt
643 995 899 1047 potestatem
942 982 1221 1035 vindicandi,
1263 982 1365 1045 quia
1392 985 1484 1041 jam

105 1053 194 1098 sine
211 1053 312 1100 odio
329 1065 532 1118 poterant
557 1055 793 1102 vindicare.
825 1055 923 1111 Qua
946 1064 1157 1117 potestate
1184 1054 1341 1098 Petru‘.
1363 1070 1484 1115 apos-

106 1122 217 1169 tolus
239 1140 337 1169 usus
363 1135 426 1169 est
453 1125 499 1169 in
523 1142 572 1170 eo
596 1125 712 1171 libro
733 1143 860 1188 quem
888 1125 957 1169 isti
981 1141 1070 1169 non
1095 1124 1339 1187 accipiunt,
1371 1140 1484 1186 quo-

105 1195 220 1239 niam
255 1194 475 1241 manifeste
513 1197 705 1242 continet
749 1195 965 1241 Paracleti
1001 1195 1234 1241 adventum
1253 1232 1263 1251 ,
1308 1194 1353 1239 id
1391 1205 1475 1249 est,

105 1264 383 1312 consolatoris
399 1267 538 1312 sancti
558 1268 748 1331 Spiritus
765 1305 774 1322 ‚
799 1284 929 1330 quem
949 1266 1198 1326 lugentibus
1216 1266 1357 1321 misit,
1382 1282 1481 1310 cum

106 1335 162 1380 ab
187 1353 337 1382 eorum
358 1337 495 1383 oculis
525 1338 616 1401 ipse
648 1338 904 1384 ascendisset
936 1337 980 1382 in
1005 1337 1180 1383 coelum.
1225 1336 1482 1381 Consolator

104 1405 219 1451 enim
238 1407 432 1452 tristibus
452 1407 666 1463 mittitur,
696 1407 934 1453 secundum
952 1406 1071 1452 illam
1094 1406 1286 1466 eiusdem
1307 1405 1484 1451 Domini

105 1477 358 1522 sententiam
382 1495 392 1522 ε
421 1499 441 1519 α
461 1478 582 1523 Beati
607 1478 798 1537 lugentes
814 1516 824 1533 ,
846 1475 1053 1541 quoniam
1076 1476 1158 1539 ipsi
1182 1475 1482 1521 consolabun-

106 1567 126 1587 ›>
150 1547 264 1594 tur2.
293 1568 313 1589 >2
335 1549 436 1610 Ipse
460 1549 589 1593 etiam
609 1548 718 1593 dicit
741 1567 752 1593 ι
784 1570 804 1589 «
826 1549 952 1593 Tunc
980 1546 1194 1606 lugebunt
1216 1545 1293 1590 filii
1311 1545 1478 1608 sponsi,

105 1638 126 1658 »
145 1633 246 1663 cum
265 1617 436 1664 ablatus
452 1617 582 1663 fuerit
607 1618 662 1663 ab
687 1619 744 1663 eis
769 1617 993 1681 sponsus3.
1022 1639 1040 1658 n
1062 1617 1114 1660 ln
1132 1616 1206 1661 illo
1227 1633 1326 1675 ergo
1345 1616 1476 1671 libro,

106 1687 184 1733 ubi
212 1689 476 1751 apertissime
503 1688 691 1752 Spiritus
715 1699 913 1744 sanctus,
943 1705 1073 1751 quem
1093 1687 1308 1732 Dominus
1332 1703 1483 1732 conso-

104 1757 286 1804 latorem
309 1759 597 1823 promiseratl‘
611 1798 622 1817 ‚
645 1760 807 1806 venisse
825 1759 1070 1805 declaratur
1084 1796 1094 1813 ‚
1121 1759 1302 1818 legimus
1319 1758 1373 1803 ad
1392 1775 1483 1803 sen-

108 1830 285 1876 tentiam
309 1831 428 1876 Petri
457 1830 661 1876 cecidisse
694 1830 918 1886 homines,
954 1841 995 1875 et
1012 1840 1205 1875 mortuos
1233 1846 1318 1874 esse
1344 1829 1485 1874 virum

106 1911 147 1947 et
166 1919 339 1947 uxorem
356 1939 366 1957 ‚
392 1901 468 1965 qui
488 1901 661 1946 mentiri
683 1901 773 1946 ausi
794 1910 916 1946 erant
933 1900 1118 1963 Spiritui
1135 1910 1282 1944 sancto
1296 1899 1327 1945 5.
1356 1898 1486 1955 Quod

105 1973 175 2018 isti
196 1990 349 2032 magna
373 1972 570 2017 caecitate
593 1972 846 2034 vituperant
866 2007 876 2027 ,
906 1988 1006 2016 cum
1029 1971 1075 2016 in
1099 1970 1367 2033 apocryphis
1402 1986 1483 2032 pro

105 2060 263 2104 magno
281 2043 450 2102 legant,
483 2054 524 2086 et
541 2041 651 2086 illud
670 2041 789 2104 quod
805 2041 857 2086 de
882 2041 1076 2104 apostolo
1102 2040 1275 2085 'l‘homa
1299 2057 1487 2085 comme-

106 2114 298 2170 moravi,
321 2124 363 2158 et
387 2112 522 2175 ipsius
541 2112 660 2157 Petri
678 2111 811 2156 filiam
836 2112 1124 2175 paralyticam
1147 2110 1310 2157 factam
1339 2110 1486 2174 preci-

106 2183 190 2230 bus
210 2184 345 2248 patris
366 2221 377 2239 ‚
409 2193 450 2228 et
487 2181 715 2228 hortulani
748 2182 883 2227 filiam
921 2182 974 2228 ad
1002 2198 1177 2245 precem
1201 2181 1335 2245 ipsius
1366 2180 1484 2225 Petri

107 2273 192 2302 esse
212 2265 430 2305 mortuam
453 2272 464 2299 :
486 2264 528 2299 et
549 2252 837 2316 respondent,
865 2252 985 2316 quod
1012 2253 1100 2298 hoc
1120 2252 1177 2297 eis
1200 2251 1482 2315 expediebat,

108 2337 157 2374 ut
176 2337 218 2372 et
249 2326 323 2372 illa
353 2325 588 2372 solveretur
620 2323 839 2387 paralysi,
878 2335 920 2369 et
942 2323 1014 2369 illa
1039 2333 1280 2368 moreretur
1306 2339 1317 2367 :
1342 2332 1486 2366 tamen

110 2397 164 2444 ad
189 2414 338 2461 preces
362 2395 560 2460 Apostoli
583 2394 750 2441 factum
783 2412 868 2441 esse
892 2412 980 2440 non
998 2404 1170 2454 negant.
1209 2393 1317 2449 Quis
1341 2402 1482 2437 autem

107 2468 192 2515 illis
211 2467 318 2514 dixit
339 2485 350 2513 ε
373 2468 472 2514 Non
490 2465 745 2530 expediebat
761 2467 963 2526 gentibus
980 2464 1126 2529 impiis
1141 2462 1326 2510 interfici
1346 2500 1357 2520 ‚
1376 2479 1483 2526 quas

157 2560 168 2581 ¹
186 2561 262 2590 Luc.
281 2569 329 2600 1x,
345 2559 401 2598 54,
419 2558 477 2593 55.
498 2574 544 2581 —
560 2555 576 2580 2
597 2555 715 2589 matth.
741 2566 770 2595 v,
792 2557 822 2591 5.
843 2575 884 2582 --
902 2554 917 2581 3
933 2556 992 2602 jd.
1010 2567 1056 2600 1x,
1079 2556 1131 2587 15.
1145 2571 1192 2578 ·—-
1209 2551 1222 2578 ⁴
1241 2558 1314 2585 Act.
1335 2563 1372 2597 ιι,
1393 2559 1424 2590 4.
1442 2569 1487 2575 -

109 2609 123 2633 ⁵
142 2610 192 2647 Id.
211 2622 240 2653 v,
261 2613 348 2644 5-10.
