1795 3253
313 267 405 312 360
744 281 778 312 ε.
822 280 1065 312 amussim
1102 279 1305 311 muscom

314 346 511 391 dicturus
540 345 621 390 eris
653 362 731 409 per
761 346 1005 401 Christum,
1032 357 1078 392 ut
1107 345 1312 401 vicissim,
1338 344 1382 391 id
1407 356 1484 401 est,
1514 356 1562 391 ut
1591 344 1695 391 alter

316 416 498 461 alterum
534 416 826 473 commendet,
863 418 1064 463 Christus
1096 417 1356 480 Prophetas,
1390 427 1431 461 et
1460 416 1696 480 Prophetae

317 487 577 532 Christum?
603 487 686 533 Sed
711 489 912 549 Paganus
939 489 1161 552 utriusque
1193 504 1344 533 corum
1374 487 1623 534 conditione
1648 486 1697 532 li-

316 559 421 608 ber,
450 575 529 604 nec
552 558 785 622 Prophetis
809 559 862 606 de
885 560 1062 606 Christo
1089 559 1339 605 dicentibus
1366 559 1558 605 erederet
1575 596 1584 614 ,
1619 575 1698 604 nec

317 629 494 674 Christo
513 629 565 674 de
583 629 831 692 Prophetis.
858 632 923 675 Ita
946 642 1084 676 totum
1106 629 1213 674 nulli
1233 630 1322 684 alii,
1345 647 1476 693 quam
1496 647 1583 675 suae
1598 629 1698 675 fidei

315 701 462 747 debet.
494 701 763 765 quicumque
785 702 832 746 sit
857 720 903 747 ex
931 702 1146 747 Gentibus
1172 701 1459 747 Christianus.
1488 703 1629 765 Atque
1653 711 1701 747 ut

315 771 510 835 exemplo
527 772 601 817 liat
623 772 666 818 id
687 772 806 836 quod
832 773 1016 818 dicimus
1042 772 1249 836 apertius,
1276 790 1490 836 ponamus
1515 772 1700 835 aliquem

318 859 436 888 nunc
463 860 485 886 a
516 843 641 888 nohis
665 843 924 890 catechizari
960 843 1192 893 Gentilem,
1222 843 1292 889 cui
1322 843 1551 889 assidentes
1579 842 1702 888 dicar-

315 931 412 959 mns
435 933 444 959 :
471 914 608 960 Crede
634 915 830 966 Christo,
853 915 956 979 quia
981 916 1094 960 Deus
1109 925 1185 960 est.
1212 914 1289 959 Ille
1315 931 1415 960 vero
1438 932 1448 959 z
1469 913 1594 960 [nde
1617 913 1703 960 hoc

318 986 427 1031 mihi
454 986 667 1050 probatis,
697 986 815 1031 dieat
831 990 848 1032 ζ)
879 988 933 1031 Et
957 1003 1032 1032 nos
1057 985 1363 1049 respondentes
1388 986 1585 1032 dicamus
1608 1003 1617 1030 :
1644 986 1704 1030 Ex

318 1057 568 1120 Prophetis.
611 1059 803 1102 Rursum
840 1057 914 1103 illo
953 1068 1174 1121 quaerente
1197 1075 1206 1101 :
1230 1057 1402 1113 Quibus
1441 1056 1705 1120 Prophetis?

320 1129 408 1173 Nos
427 1128 764 1191 respondeamus
786 1147 795 1173 :
816 1130 852 1174 H
861 1128 1029 1175 ‹flu-atis.
1058 1129 1199 1192 Atque
1219 1128 1289 1174 ille
1309 1127 1538 1173 subridens
1559 1127 1674 1173 dieat
1692 1144 1702 1170 ε

318 1198 404 1244 Sed
434 1198 502 1244 his
533 1216 611 1259 ego
643 1200 820 1245 minime
851 1199 995 1246 eredo,
1040 1200 1127 1244 Nos
1153 1209 1294 1245 autem
1333 1199 1704 1262 respondeamus:

319 1269 440 1327 Quid
473 1270 592 1334 quod
628 1288 698 1316 eos
729 1271 931 1316 Christus
965 1272 1229 1316 confirmat?
1271 1269 1393 1315 Idem
1431 1287 1531 1316 vero
1570 1269 1709 1315 multo

321 1341 455 1401 magis
471 1340 633 1397 ridens,
657 1341 777 1387 dicat
793 1359 802 1386 :
821 1340 940 1398 Quid
960 1341 1079 1405 quod
1098 1357 1175 1400 ego
1199 1358 1278 1387 nee
1298 1340 1380 1404 ipsi
1403 1340 1561 1386 credo?
1589 1339 1709 1396 Quid

323 1414 412 1468 fiet,
450 1412 516 1457 his
552 1413 612 1458 ita
643 1414 888 1469 transactis,
924 1430 1068 1459 nonne
1094 1412 1379 1465 hwrebimus,
1416 1423 1457 1458 et
1493 1411 1581 1467 ille,
1618 1411 1711 1457 risis

322 1483 449 1528 nobis
466 1494 674 1547 tanquam
688 1484 1064 1547 imprudentibus,
1079 1483 1289 1529 remeabit
1307 1483 1360 1530 ad
1373 1500 1448 1529 sua
1459 1486 1477 1529 Ξ)
1496 1484 1559 1528 Ita
1577 1481 1708 1537 nihil,

323 1565 372 1599 ut
397 1553 520 1607 dixit,
541 1553 744 1600 Ecclesiae
764 1555 1019 1600 christianae
1035 1555 1327 1601 Hehraeorum
1344 1554 1589 1601 testimonia
1609 1570 1713 1599 con-

324 1625 487 1681 ferunt,
515 1641 614 1688 quae
636 1625 771 1684 magis
798 1636 963 1671 constet
987 1642 1032 1670 ex
1059 1625 1274 1671 Gentibus
1298 1643 1430 1689 quam
1455 1642 1501 1670 ex
1526 1623 1706 1670 ‹Iuda-is.

330 1696 442 1741 Sane
466 1696 500 1741 si
524 1706 624 1741 sunt
645 1696 806 1760 aliqua,
829 1696 1007 1742 utfinna
1031 1707 1108 1751 est,
1129 1696 1310 1759 Sibyllae
1331 1696 1384 1741 de
1399 1695 1576 1741 Christo
1601 1712 1715 1759 prae-

327 1768 441 1827 sagia
458 1805 468 1823 ,
508 1778 582 1812 aut
621 1768 859 1824 Ilermetis,
902 1785 1031 1831 quem
1073 1767 1227 1813 dieunt
1267 1767 1598 1828 'J‘1·i111egistum,
1641 1777 1717 1812 aut

332 1838 530 1902 Orphei,
559 1838 828 1903 aliorumque
857 1839 900 1884 in
929 1838 1182 1884 Gentilitate
1206 1849 1380 1894 vatum,
1407 1838 1506 1884 luce
1534 1854 1612 1883 nos
1638 1838 1716 1884 ali·

330 1920 493 1973 quanto
514 1908 568 1954 ad
592 1909 722 1955 fidem
744 1915 898 1969 J'uvare
928 1920 1185 1974 potuerunt,
1211 1910 1353 1972 quiex
1379 1909 1598 1954 Gentibus
1623 1908 1718 1954 effi-

336 1982 477 2027 cimur
514 1980 752 2026 Christiani
777 1999 786 2025 :
808 1981 1099 2025 Hebraeorum
1137 1996 1239 2025 vero
1280 1979 1522 2025 testimonia
1563 1979 1715 2035 nobis,

332 2051 499 2098 etiamsi
527 2052 612 2097 sint
635 2069 752 2107 vera,
782 2062 878 2097 ante
896 2051 1025 2097 fidem
1041 2051 1213 2097 inutilia
1231 2061 1348 2107 sunt,
1375 2061 1476 2114 post
1500 2049 1629 2096 sidem
1650 2068 1720 2097 su-

339 2139 586 2187 pervacua3
611 2123 714 2186 quia
741 2134 838 2168 ante
865 2122 1043 2186 quidem
1069 2122 1127 2168 eis
1151 2121 1323 2168 eredere
1342 2139 1431 2167 non
1451 2132 1717 2187 poteramus,

339 2211 455 2240 nune
479 2211 580 2239 vero
601 2211 647 2240 ex
671 2194 892 2258 superfluo
916 2194 1146 2240 credimus.
1179 2216 1199 2235 »

408 2267 464 2311 11.
511 2265 776 2325 Augustinus
808 2265 1061 2330 respondit:
1085 2265 1228 2312 Prosit
1259 2265 1347 2311 hoe
1379 2266 1506 2311 nobis
1538 2265 1634 2311 loeo
1668 2264 1722 2311 ad

342 2336 599 2382 brevitatem
632 2336 923 2399 respondendi
948 2337 1146 2401 superior
1175 2347 1258 2382 tam
1284 2335 1450 2400 prolixa
1481 2336 1716 2400 responsio,

341 2408 456 2453 Puto
477 2407 589 2452 enim
610 2411 700 2468 jam
728 2407 804 2471 qui
836 2407 954 2453 illam
987 2408 1153 2468 legerit,
1186 2407 1298 2453 ridet
1322 2407 1452 2452 istum
1484 2407 1585 2453 talia
1610 2406 1724 2452 deli-

342 2489 527 2533 rantem,
557 2489 598 2523 et
633 2477 781 2524 adhuc
813 2478 1048 2533 dicentem,
1083 2477 1309 2523 Christum
1339 2478 1495 2523 Filium
1527 2477 1605 2523 Dei
1631 2477 1724 2522 He-

346 2550 488 2609 brajos
519 2568 603 2596 non
636 2551 950 2614 pra³nuntiasse
985 2549 1263 2614 Prophetas:
1287 2549 1332 2596 in
1364 2566 1451 2614 qua
1485 2549 1573 2596 sola
1601 2559 1726 2610 gente

347 2639 500 2667 nomen
518 2621 660 2685 ipsum
681 2622 799 2686 quod
826 2622 990 2669 dieitur
1010 2622 1229 2678 Christus,
1252 2632 1293 2668 et
1315 2622 1359 2668 in
1386 2639 1500 2683 rege,
1521 2621 1625 2668 etin
1654 2639 1726 2670 sa-
