1795 3253
267 284 443 317 CONTRA
476 281 720 317 EmsroLAM
754 282 1008 326 amnicum,
1048 285 1134 318 ma.
1179 286 1206 317 1.
1356 273 1441 336 189

72 351 396 401 immaculatam
424 350 719 414 sinceramque
744 350 977 396 mansisse?
1013 351 1295 415 Quapropter
1327 369 1443 417 quo-

73 423 192 471 niam
216 422 302 470 sive
326 421 503 467 missum
521 458 531 478 ,
555 421 641 468 sive
670 430 918 483 susceptum
945 439 967 466 a
997 421 1221 467 Paraclcto
1239 440 1280 468 se
1300 423 1447 469 Mani-

74 493 225 539 chaeus
244 502 381 539 vester
399 491 603 547 affirmet,
632 490 743 536 nihil
764 490 921 535 horum
946 491 1101 553 poterit
1118 492 1312 538 obtinere
1336 509 1345 537 ε
1370 509 1446 553 ogo

69 565 162 622 jam
179 562 346 608 cautior
368 577 507 624 neque
529 561 705 606 missum
730 576 827 605 eum
848 559 999 615 crede,
1022 577 1159 623 neque
1177 572 1440 625 susceptum.

141 633 218 679 IX.
262 633 372 677 Nam
394 630 512 694 quod
537 629 706 676 addidit
724 629 870 674 dicens
896 647 905 673 :
935 651 953 669 ‹<
974 630 1251 675 Providentia
1273 632 1351 676 Dei
1369 631 1450 676 Pa-

78 702 179 755 tris;
201 722 222 742 »
248 700 356 764 quid
384 700 501 745 aliud
528 699 711 745 ambivit
733 699 834 744 Jesu
860 699 1037 744 Christo
1062 700 1306 756 nominato,
1330 705 1453 760 cujus

79 788 121 817 se
140 771 250 817 dicit
267 769 509 833 apostolum
528 807 538 825 ‚
561 780 602 814 et
619 770 711 814 Deo
732 769 860 814 Patre
878 806 889 823 ‚
912 773 1036 828 cujus
1060 770 1334 831 providentia
1354 771 1453 816 mis-

78 858 173 887 sum
202 858 244 886 se
282 840 390 886 dicit
422 858 446 886 a
478 840 586 885 Filio
606 877 616 894 ,
652 840 732 885 nisi
765 850 813 884 ut
848 840 1062 902 Spiritum
1090 851 1286 886 sanctum
1310 842 1454 904 ipsum

78 911 254 957 tertium
271 927 358 956 esse
375 909 675 955 crederemus?
701 910 772 954 Sic
789 910 901 955 enim
927 910 1080 955 scribit
1102 927 1111 954 :
1144 931 1162 950 «
1186 911 1457 956 Manichacus

81 980 301 1044 apostolus
323 983 422 1026 Jesu
444 979 635 1035 Christi,
659 979 933 1042 providentia
953 980 1031 1024 Dei
1060 980 1206 1026 Patris.
1230 1001 1249 1021 ›>
1270 980 1457 1044 Spiritus

80 1060 254 1096 sanctus
276 1049 524 1095 nominatus
557 1066 644 1094 non
676 1060 767 1105 est,
806 1050 883 1112 qui
913 1049 1094 1094 maxime
1134 1049 1288 1095 debuit
1325 1051 1380 1095 ab
1411 1068 1460 1096 co

80 1120 322 1175 nominari,
345 1119 423 1183 qui
438 1119 566 1164 nobis
587 1119 879 1181 apostolatum
899 1136 1023 1165 suum
1043 1119 1255 1165 Paraclcti
1275 1121 1458 1183 promis-

83 1189 200 1236 sione
236 1189 543 1245 commendat,
584 1199 632 1234 ut
662 1190 908 1249 evangelica
951 1190 1207 1236 auctoritate
1241 1190 1462 1253 imperitos

81 1270 267 1323 premat.
304 1259 439 1318 Quod
462 1276 563 1304 cum
582 1277 605 1304 a
623 1259 747 1305 vobis
765 1260 1002 1323 quaeritur‚
1024 1259 1292 1323 respondetis
1314 1260 1462 1322 utiquc

86 1329 334 1374 Manichaeo
368 1327 562 1390 apostolo
584 1328 806 1373 nominato
825 1366 835 1384 ‚
871 1328 1084 1391 Spiritum
1111 1340 1308 1375 sanctum
1335 1330 1465 1375 Para-

85 1398 244 1444 cletum
263 1397 506 1453 nominari,
524 1399 627 1460 quia
644 1398 689 1442 in
707 1399 802 1461 ipso
822 1398 966 1444 venire
985 1399 1187 1459 dignatus
1206 1410 1280 1446 est.
1304 1400 1465 1456 Quaero

85 1485 210 1528 ergo,
249 1468 363 1513 sicut
402 1468 598 1530 superius
631 1467 831 1513 dicebam
853 1505 864 1523 ,
904 1485 1036 1531 quare
1072 1470 1331 1514 exhorreatis
1367 1486 1466 1515 cum

87 1536 196 1583 dicit
220 1536 439 1582 catholica
471 1536 687 1592 Ecclesia,
716 1553 814 1581 eum
853 1537 897 1581 in
932 1554 1019 1600 quo
1053 1540 1171 1583 venit
1205 1539 1352 1583 divina
1386 1539 1467 1584 Sa-

85 1606 278 1670 pientia,
314 1616 466 1651 natum
498 1622 582 1650 esse
609 1605 662 1650 de
694 1606 859 1664 virgine
892 1624 902 1650 ι
942 1624 1041 1652 cum
1070 1624 1144 1652 vos
1175 1625 1272 1653 eum
1310 1609 1353 1653 in
1382 1625 1469 1671 quo

91 1672 309 1740 Spiritum'
328 1687 527 1721 sanctum
544 1676 706 1721 venisse
728 1676 1002 1738 praedicatis‚
1029 1688 1180 1723 natum
1211 1679 1265 1724 de
1284 1679 1466 1724 foemina

89 1747 184 1793 viro
201 1746 333 1792 mixta
349 1745 463 1790 nihil
485 1745 730 1790 horreatis?
755 1746 875 1801 Quid
900 1763 1001 1805 ergo
1021 1747 1139 1793 aliud
1168 1749 1362 1812 suspicer
1378 1766 1470 1794 nes-

91 1818 160 1863 cio
175 1853 186 1872 ‚
214 1815 297 1861 nisi
321 1814 424 1878 quia
442 1815 519 1860 iste
542 1815 811 1860 Manichacus
825 1853 836 1871 ,
861 1816 936 1878 qui
956 1834 1035 1879 per
1054 1818 1217 1877 Christi
1239 1835 1396 1864 nomen
1418 1818 1471 1864 ad

91 1886 397 1948 imperitorum
426 1884 590 1929 animos
611 1884 779 1929 aditum
806 1886 966 1947 quaerit
982 1922 994 1942 ,
1017 1903 1098 1948 pro
1125 1887 1301 1933 Christo
1320 1889 1413 1951 ipso
1433 1905 1474 1933 sc

93 1954 179 2002 coli
195 1953 364 2001 voluit?
392 1953 488 1998 Hoc
509 1953 624 1998 unde
650 1954 907 2012 conjiciam,
945 1955 1135 2001 breviter
1165 1956 1322 2003 dicam.
1362 1959 1475 2003 Cum

93 2041 209 2088 saepe
234 2041 259 2068 a
274 2022 398 2069 vobis
422 2039 662 2084 quaererem
685 2022 758 2067 illo
779 2034 974 2085 tempore
1008 2041 1095 2086 quo
1116 2042 1191 2070 vos
1216 2026 1443 2072 audiebam
1463 2064 1473 2082 ‚

93 2110 195 2159 quae
215 2110 343 2139 causa
360 2102 465 2137 esset
479 2128 492 2148 ‚
525 2092 643 2155 quod
667 2092 836 2138 Pascha
867 2094 1040 2139 Domini
1062 2095 1320 2160 plerumque
1334 2096 1471 2153 nulla,

94 2161 318 2209 interdum
339 2179 361 2206 a
378 2163 530 2224 paucis
548 2161 813 2224 tepidissima
833 2162 1081 2209 celebritate
1101 2164 1446 2228 frequentaretur
1461 2205 1471 2223 ,

96 2229 226 2279 nullis
246 2231 404 2291 vigiliis
422 2268 432 2287 ‚
462 2231 583 2276 nullo
606 2231 839 2295 prolixiore
863 2233 1029 2293 jejunio
1056 2234 1223 2280 indicto
1251 2236 1479 2283 Auditori-

99 2298 208 2360 bus,
247 2300 368 2347 nullo
401 2301 589 2365 denique
623 2302 838 2348 festiviore
882 2315 1120 2368 apparatu,
1155 2322 1256 2351 cum
1290 2317 1479 2353 vestrum

97 2370 272 2428 hema1‚
294 2370 340 2416 id
357 2382 418 2416 est
433 2409 444 2428 ,
468 2372 582 2417 diem
602 2389 690 2434 quo
711 2373 982 2420 Manichacus
1001 2375 1168 2421 occisus
1184 2387 1245 2421 est
1258 2413 1268 2431 ‚
1289 2377 1481 2440 quinque

99 2440 309 2499 gradibus
332 2441 546 2487 instructo
570 2442 777 2487 tribunali
798 2454 839 2488 et
863 2445 1060 2507 pretiosis
1084 2444 1225 2489 linteis
1249 2444 1475 2501 adornato,

102 2524 153 2555 ac
186 2510 233 2556 in
263 2522 475 2575 promptu
510 2513 653 2576 posito
686 2523 727 2559 et
757 2513 928 2572 objecto
973 2515 1282 2571 adorantibus,
1314 2516 1481 2575 magnis

87 2623 90 2626 .
147 2592 160 2615 ¹
177 2593 278 2632 Βῆμα,
294 2594 327 2627 id
346 2601 402 2635 est,
420 2595 543 2638 gradus.
