1795 3253
126 314 179 346 DE
217 315 391 345 DUABUS
429 314 656 347 ANIMABUS
692 314 863 345 CONTRA
901 315 1117 360 mimmii„
1157 318 1244 350 Lm.
1287 319 1317 350 1.
1398 304 1452 350 51

86 381 150 427 vis
169 390 486 427 veternosarum
505 381 760 445 opinionum
780 391 820 426 et
839 380 915 427 diu
933 381 1117 429 defensae
1137 394 1265 448 atque
1282 385 1460 433 creditae

89 451 300 498 falsitatis.
328 451 410 497 Sed
426 470 502 513 ego
518 453 717 498 instarem
736 452 870 512 magis
883 452 1170 512 haerentibus‚
1190 473 1277 502 non
1296 474 1460 520 aspere,

87 538 176 567 non
197 523 443 585 pueriliter,
466 539 554 568 non
573 522 873 586 pervicaciter5
895 534 1130 587 repeterem
1145 542 1246 589 quae
1265 543 1466 574 concessa

87 605 209 649 sunt3
231 604 274 641 et
292 612 425 659 quam
441 607 578 642 essent
597 595 875 642 concedenda
896 633 907 652 ‚
930 608 1227 646 monstrarem.
1256 599 1464 647 Hortarer

87 677 134 712 ut
157 666 202 712 in
225 680 456 712 commune
492 666 794 723 consulerent,
828 666 1024 714 viderent
1056 679 1169 714 certe
1206 670 1464 733 quidnobis

86 736 330 797 negandum
354 748 460 783 esset
477 775 488 790 ,
517 748 662 783 utrum
690 737 955 783 intellectum
984 739 1074 784 istis
1097 740 1262 786 carneis
1288 740 1465 788 lumini-

84 808 167 854 bus
187 804 508 872 praeferendum
522 845 533 865 ‚
558 827 611 854 an
629 808 905 855 excellentius
922 827 1009 855 esse
1027 811 1147 873 quod
1172 812 1303 857 animi
1326 814 1467 860 excel—

84 878 213 925 lentia
231 917 241 936 ‚
266 894 397 943 quam
423 879 542 943 quod
568 879 644 925 vili
676 895 800 925 sensu
829 881 1024 944 corporis
1049 882 1348 940 cognoscitur,
1377 882 1465 929 fal-

83 965 178 1003 sum
193 961 398 1013 putarent
417 968 428 995 ι
446 967 500 995 an
516 950 608 996 illas
624 950 804 1008 animas,
822 967 928 1014 quas
944 950 1200 1012 alienigenas
1220 953 1460 1012 crederent,

83 1031 253 1068 tantum
275 1021 555 1081 intelligendo
572 1059 583 1078 ,
610 1021 655 1067 id
688 1032 749 1067 est
769 1058 780 1077 ‚
815 1022 910 1086 ipsa
932 1022 1063 1068 animi
1093 1023 1340 1070 excellentia
1362 1026 1464 1072 sciri

81 1109 204 1156 posse
223 1092 388 1138 nollent
406 1092 529 1138 fateri
546 1111 557 1147 ;
582 1111 634 1137 an
652 1092 783 1138 solem
806 1110 856 1138 ac
872 1093 1021 1139 lunam
1043 1111 1129 1140 non
1150 1095 1231 1141 nisi
1255 1096 1344 1141 istis
1362 1114 1466 1143 ocu-

80 1162 132 1209 lis
153 1174 277 1209 notos
300 1163 391 1209 fieri
409 1201 419 1220 ‚
443 1163 604 1210 vellent
621 1163 823 1210 abnuere.
857 1164 988 1221 Quod
1011 1165 1046 1210 si
1064 1165 1177 1211 nihil
1200 1166 1358 1213 horum
1384 1168 1466 1214 nisi

81 1233 389 1280 absurdissime
410 1245 536 1298 atque
559 1233 934 1299 impudentissime
959 1236 1106 1296 negari
1128 1254 1252 1300 posse
1273 1238 1466 1284 animad-

79 1315 314 1359 verterent3
339 1304 561 1351 suaderem
582 1322 669 1351 non
688 1321 758 1351 eos
782 1316 982 1369 oportere
1003 1305 1204 1351 dubitare
1222 1343 1232 1363 ,
1253 1307 1378 1354 istam
1399 1308 1465 1355 lu-

79 1392 172 1422 cem
195 1392 327 1440 quam
353 1376 578 1422 colendam
602 1376 923 1441 praedicarent,
953 1394 1040 1423 esse
1069 1378 1212 1424 anima
1234 1377 1309 1426 illa
1333 1379 1465 1425 vilio-

78 1463 168 1492 rem
192 1459 325 1511 qnam
343 1446 595 1507 fugiendam
617 1458 858 1493 monerent.

142 1518 216 1565 lV.
259 1521 401 1582 Atque
420 1518 494 1564 hic
519 1519 553 1564 si
581 1516 693 1564 forte
713 1517 879 1564 turbati
904 1535 927 1562 a
949 1534 1017 1563 me
1046 1530 1320 1581 quaererent‚
1351 1536 1458 1567 num

75 1588 208 1634 etiam
231 1605 394 1635 muscae
411 1589 602 1635 animam
628 1589 734 1635 huic
754 1588 843 1635 luci
861 1599 1066 1652 praestare
1090 1606 1304 1637 censerem
1328 1609 1338 1637 :
1365 1604 1458 1638 res-

74 1658 345 1723 ponderem:
376 1659 544 1714 Etiam3
581 1676 661 1705 nec
691 1677 758 1705 me
792 1669 966 1705 terreret
998 1675 1146 1707 musca
1179 1661 1299 1724 quod
1321 1679 1458 1725 parva

75 1741 165 1787 est,
199 1730 272 1776 sed
299 1730 420 1794 quod
442 1731 540 1777 viva
568 1732 776 1777 firmaret.
815 1731 1041 1787 Quaeritur
1071 1731 1214 1788 enim,
1247 1732 1356 1796 quid
1383 1733 1458 1780 illa

75 1801 271 1848 membra
303 1813 389 1847 tam
426 1802 575 1862 exigua
600 1812 792 1862 vegetet,
825 1801 934 1865 quid
966 1801 1058 1847 huc
1080 1812 1209 1867 atque
1238 1803 1345 1849 illuc
1368 1821 1451 1868 pro

73 1872 264 1919 naturali
295 1873 493 1936 appetitu
532 1873 751 1919 tantillum
795 1872 1108 1935 corpusculum
1147 1873 1306 1929 ducat,
1344 1875 1453 1938 quid

73 1944 282 1990 currentis
297 1944 428 2008 pedes
447 1945 492 1990 in
519 1961 748 1990 numerum
773 1954 968 1998 moveat,
998 1943 1108 2006 quid
1130 1944 1315 1991 volantis
1337 1963 1452 2009 pen-

73 2014 194 2062 nulas
212 2015 460 2061 moderetur
478 2032 527 2060 ac
546 2015 704 2061 vibret.
730 2012 861 2069 Quod
885 2012 1203 2077 qualecumque
1223 2026 1285 2061 est
1300 2053 1311 2071 ,
1337 2017 1450 2062 bene

71 2085 471 2143 considerantibus,
495 2086 540 2131 in
564 2096 652 2131 tam
675 2101 812 2148 parvo
842 2094 928 2130 tam
957 2101 1165 2144 magnum
1188 2086 1371 2144 eminet,
1399 2099 1449 2134 ut

70 2156 208 2202 cuivis
222 2155 378 2216 fulgori
398 2155 702 2220 perstringenti
722 2154 869 2200 oculos
886 2154 1157 2218 praeferatur.
1185 2159 1312 2203 Certe
1328 2159 1448 2222 quod

70 2245 196 2274 nemo
219 2227 424 2284 dubitat,
458 2225 676 2291 quidquid
699 2225 745 2272 id
769 2236 861 2280 est,
888 2225 1160 2285 intelligibile
1193 2238 1255 2272 est
1279 2245 1289 2273 z
1322 2229 1445 2292 quod

70 2298 188 2345 omni
205 2298 393 2344 sensibili
410 2336 421 2352 ,
449 2309 490 2343 et
513 2298 571 2345 ob
592 2297 677 2343 hoc
700 2297 808 2342 huic
828 2296 958 2342 etiam
981 2295 1071 2342 luci
1097 2296 1255 2344 divinis
1273 2298 1442 2360 legibus

71 2370 299 2417 antecellit.
325 2369 444 2426 Quid
462 2369 575 2415 enim
602 2368 863 2428 cogitatione
886 2364 1183 2431 percipimus,
1207 2386 1355 2433 quaeso
1373 2407 1384 2428 ,
1406 2372 1442 2417 si

68 2436 157 2492 hoc
179 2461 267 2490 non
289 2442 556 2507 percipimus
576 2476 586 2495 ,
615 2439 732 2484 aliud
758 2454 844 2484 esse
867 2449 1009 2484 mente
1031 2438 1290 2499 intelligere,
1323 2441 1443 2488 aliud

69 2516 224 2564 sentire
248 2530 327 2578 per
347 2528 532 2576 corpus,
559 2520 599 2556 et
621 2509 745 2573 prius
768 2509 881 2556 illud
913 2510 969 2555 ab
998 2509 1084 2556 hoc
1110 2511 1347 2574 posteriore
1368 2511 1442 2558 in-

69 2583 356 2651 comparabili
373 2582 639 2630 sublimitate
655 2581 837 2636 distare3
860 2579 1046 2645 ideoque
1065 2592 1153 2628 non
1174 2595 1298 2647 posse
1318 2583 1444 2630 intel-2

1262 2677 1307 2735 4.
