1795 3253
320 312 405 358 ¹0ss
725 331 760 362 s.
803 331 1049 364 Aecus-mm
1087 329 1289 362 EPISCOPI

304 392 557 438 solvendum
584 404 645 439 est
670 406 719 441 ut
743 397 796 444 ad
821 417 977 462 aquam
1005 399 1210 452 ducatur,
1246 396 1431 444 mirifica
1455 414 1693 462 compara-

308 463 420 506 tione
446 463 666 524 redarguit
688 465 720 513 ¹.
766 468 1013 515 Sabbatum
1039 480 1181 514 autem
1200 505 1210 516 ,
1249 485 1338 512 non
1374 469 1659 531 repudiatum
1678 508 1688 527 ‚

306 533 376 577 sed
403 533 669 581 intellectum
699 555 722 582 a
745 539 1003 587 Christianis
1038 540 1202 586 destitit
1244 538 1421 601 quidem
1464 541 1693 587 carnaliter

305 603 542 661 observari,
564 606 635 652 sed
651 609 932 670 spiritualiter
962 612 1170 657 retinetur
1188 627 1210 654 a
1234 609 1412 665 sanctis,
1437 611 1512 673 qui
1528 611 1692 657 intelli-

305 684 413 732 gunt
451 690 600 721 vocem
627 678 804 726 Domini
826 683 1021 727 vocantis
1059 682 1113 726 ad
1149 680 1359 742 requiem,
1388 690 1430 725 et
1467 680 1649 726 dicentis
1677 699 1688 727 :

306 761 327 782 »
355 743 504 792 Yenite
527 745 581 791 ad
601 764 669 794 me
688 749 764 812 qui
790 750 1017 799 laboratis.
1039 762 1081 797 et
1099 767 1175 810 ego
1203 766 1278 796 vos
1297 749 1501 796 reficiam.
1534 750 1692 797 Tollite

306 832 327 853 »
344 815 501 873 jugum
526 834 669 864 meum
687 836 817 883 super
833 839 929 871 vos.
957 833 998 867 et
1021 821 1176 867 discite
1199 836 1330 874 ame,
1345 819 1449 882 quia
1463 819 1580 865 mitis
1596 837 1691 866 sum

306 903 327 923 »
351 884 578 932 ethumilis
592 888 740 945 corde,
756 901 798 936 et
815 892 1041 938 invenietis
1064 892 1257 954 requiem
1282 889 1509 934 animabus
1521 892 1684 938 vestris.

306 972 327 993 ³>
352 953 377 997 J
384 970 513 1014 ugum
532 959 645 1004 enim
663 977 807 1006 meum
827 961 920 1007 lene
942 973 1028 1010 est.
1057 973 1098 1007 et
1122 961 1288 1006 sarcina
1303 977 1398 1005 mea
1417 959 1521 1005 levis
1537 971 1598 1006 est
1611 961 1644 1008 2.
1670 983 1692 1003 »

308 1021 404 1069 Hoc
428 1027 661 1074 sabbatum
680 1067 690 1083 ‚
717 1030 764 1076 id
780 1042 871 1083 est,
904 1033 1019 1078 hanc
1040 1033 1232 1095 requiem
1254 1030 1483 1093 Scriptura
1507 1030 1581 1076 illa
1602 1031 1692 1090 sig·-

307 1093 487 1152 nificat,
507 1114 639 1161 quam
661 1101 801 1148 Judaei
821 1120 909 1148 non
932 1102 1256 1163 intelligebant,
1282 1111 1325 1146 et
1344 1118 1425 1164 pro
1443 1111 1693 1163 temporum

307 1163 626 1228 dispensatione
645 1173 875 1219 carnaliter
896 1174 1187 1238 sequebantur
1206 1173 1427 1227 umbram,
1454 1175 1578 1231 qu'us
1598 1188 1693 1217 um-

307 1236 402 1283 brae
415 1240 537 1301 quasi
557 1257 740 1305 corpus,
767 1244 812 1290 id
839 1256 918 1301 est,
936 1244 1094 1291 veritas
1126 1244 1252 1290 nobis
1287 1243 1433 1289 danda
1470 1253 1574 1288 erat.
1605 1240 1693 1288 Sed

309 1309 680 1369 quemadmodum
702 1313 776 1360 illa
795 1316 962 1379 req'uies
978 1317 1057 1361 Dei
1076 1327 1175 1379 post
1196 1315 1460 1360 fabricatum
1478 1313 1693 1359 mundum

306 1376 578 1435 insinuatum
621 1383 681 1428 sic
704 1385 922 1447 requiem,
968 1403 1069 1450 quae
1098 1386 1225 1432 nobis
1249 1385 1550 1448 promittitur,
1593 1395 1694 1448 post

308 1463 437 1510 opera
450 1467 550 1514 quae
567 1451 613 1497 in
626 1453 714 1500 hoc
733 1455 899 1501 mundo
909 1456 1140 1512 habemus,
1158 1456 1193 1501 si
1211 1460 1329 1516 justa
1342 1454 1521 1512 fuerint,
1545 1471 1694 1500 conse-

310 1534 512 1580 quemur,
539 1526 722 1587 septima
747 1526 911 1573 scilicet
936 1526 1173 1591 eademque
1198 1527 1352 1572 ultima
1369 1537 1494 1589 parte
1515 1525 1688 1581 saeculi,

308 1587 363 1633 de
386 1606 474 1654 qua
500 1592 683 1653 longum·
696 1606 758 1641 est
780 1595 1017 1660 disputare.
1049 1598 1148 1643 Non
1168 1614 1266 1657 ergo
1290 1597 1504 1642 Dominus
1527 1596 1694 1642 rescin-

310 1657 375 1707 dit
397 1662 659 1725 scripturam
673 1665 836 1711 Veteris
854 1668 1143 1723 Testamenti,
1161 1667 1234 1713 sed
1247 1666 1362 1727 cogit
1373 1664 1556 1727 intelligi
1573 1681 1585 1711 t
1614 1681 1694 1711 nec

311 1731 545 1778 sabbatum
572 1734 700 1781 solvit
729 1746 777 1781 ut
794 1748 943 1799 pereat
965 1737 1085 1801 quod
1110 1738 1410 1798 figurabatur,
1437 1736 1511 1783 sed
1552 1736 1691 1800 aperit

309 1800 456 1863 potius
481 1813 528 1849 ut
552 1816 763 1868 appareat
785 1806 904 1870 quod
924 1808 1163 1868 tegebatur,

312 1962 1110 1978 fflmtumfflmmmsssswwumw·
1117 1962 1691 1978 mmmwmmvtsssmm

868 2075 1048 2119 CAPUT
1080 2077 1151 2119 ΙΙΙ.

375 2205 442 2251 De
465 2223 515 2254 eo
534 2206 655 2270 quod
676 2208 891 2272 scriptum
922 2221 985 2256 est
1005 2210 1048 2256 in
1082 2209 1236 2257 Genesi
1256 2227 1267 2255 :
1295 2229 1316 2253 <‹
1331 2209 1387 2263 Et
1407 2208 1683 2263 dixitvDeus:

309 2295 331 2317 >2
356 2276 456 2322 Non
476 2287 536 2323 est
553 2278 719 2324 bonum
742 2279 882 2327 solum
899 2280 1123 2329 hominem
1143 2297 1229 2326 esse
1244 2317 1256 2336 ,
1282 2279 1492 2325 faciamus
1507 2279 1545 2325 ei
1564 2277 1687 2338 adjtl-

307 2366 329 2388 >›
349 2347 526 2395 torium.
563 2350 621 2395 Et
652 2350 833 2397 immisit
861 2352 977 2398 Deus
1004 2352 1109 2399 Adae
1132 2367 1352 2406 somnum,
1381 2361 1422 2404 et
1453 2349 1686 2403 obdormi-

310 2437 332 2458 »
358 2417 445 2471 vit3
471 2429 512 2463 et
541 2421 723 2483 sumpsit
758 2437 889 2468 unam
912 2422 966 2467 de
998 2422 1124 2468 costis
1155 2426 1453 2484 eju5,exvqua
1481 2418 1687 2474 formavit

312 2507 334 2528 ³>
360 2489 496 2539 Evam
511 2525 522 2541 .
545 2507 678 2554 quam
697 2491 877 2546 adduxit
902 2492 956 2538 ad
980 2493 1120 2539 Adam
1139 2513 1157 2548 ;Ι
1172 2503 1215 2538 et
1231 2492 1322 2546 ,a-it:
1350 2491 1455 2545 Ideo
1472 2490 1686 2554 relinquet

311 2577 333 2599 »
356 2557 490 2604 homo
509 2571 677 2624 patrem
710 2572 752 2608 et
774 2573 952 2609 matrem
969 2601 980 2620 ‚
1011 2574 1052 2609 et
1076 2563 1319 2610 adhaerebit
1342 2562 1463 2618 uxori
1487 2578 1583 2626 suae!
1600 2561 1632 2608 3.
1662 2582 1684 2604 >³

359 2644 370 2667 ¹
388 2647 462 2679 Luc.
476 2657 544 2691 xxv,
559 2648 594 2692 5,
613 2653 645 2681 et
661 2659 736 2689 xm,
759 2650 869 2686 15,-
882 2647 897 2672 ²
914 2649 1032 2683 Manli.
1051 2660 1099 2690 xx,
1117 2651 1234 2682 28-30.
1253 2665 1300 2673 —-
1314 2645 1329 2672 3
1345 2650 1429 2683 Gen.
1447 2658 1487 2694 11,
1510 2649 1626 2682 18-20.
