1795 3253
275 290 449 323 CONTRA
482 291 685 323 FAUSTUM
720 289 1022 334 MANICHAEUM,
1060 293 1148 325 ΗΒ.
1189 295 1262 328 XX.
1370 282 1461 346 527

92 355 267 402 laudem
289 356 433 413 dicat,
470 360 593 417 cujus
615 355 873 420 particulam
900 374 942 402 se
962 357 1101 421 ipsam
1122 359 1168 405 in
1186 361 1464 409 tenebrarum

95 436 215 486 gente
238 437 414 490 captam
435 427 567 472 teneri
597 427 897 480 conclamans3
918 428 1024 490 quid
1051 429 1169 474 aliud
1190 448 1322 494 quam
1345 433 1466 480 vitu-

93 508 216 560 perat
236 498 405 553 Deum,
432 515 562 561 quem
587 498 671 543 sibi
706 497 788 543 alio
811 508 943 560 pacto
970 499 1170 546 adversus
1198 502 1339 548 hostes
1369 521 1467 550 suos

94 566 313 612 consulere
356 584 445 614 non
470 568 659 631 potuisse
699 577 878 613 testatur
895 605 906 624 ,
950 569 1031 615 nisi
1072 571 1266 632 partium
1292 589 1467 620 suarum

94 647 214 682 tanta
238 638 517 700 corruptione
532 676 543 694 ,
565 648 605 683 et
625 648 712 683 tam
731 637 849 700 turpi
873 638 1122 702 captivitate
1138 643 1154 685 Ξ)
1171 640 1293 686 [inde
1317 654 1467 690 vestrae

94 707 221 753 etiam
242 724 389 770 preces
407 707 462 752 ad
481 707 611 753 deum
632 717 820 754 vestrum
835 724 924 753 non
941 719 1115 772 possent
1133 727 1218 756 esse
1236 712 1463 771 religiosae,

94 777 167 823 sed
188 777 426 824 invidiosae.
456 778 575 835 Quid
597 778 711 824 enim
726 777 828 824 mali
849 779 967 842 apud
990 779 1114 825 illum
1129 783 1438 830 commiseratis
1453 822 1464 841 ,

95 848 206 894 utin
230 865 364 912 poena
386 848 463 894 ista
498 866 616 895 nunc
644 849 697 894 ad
731 866 831 895 euni
861 851 1066 909 gematis,
1099 868 1225 913 quem
1252 870 1339 898 non
1365 872 1471 917 pro-

93 919 190 984 pria
205 919 428 966 voluntate
447 919 674 983 peccando
699 919 964 977 deseruistis,
988 920 1062 966 sed
1090 922 1145 966 ab
1169 921 1243 967 illo
1265 923 1356 970 dati
1372 926 1470 971 estis

93 990 295 1036 hostibus
323 990 479 1052 ipsius,
504 1001 552 1036 ut
579 1008 663 1053 pax
693 1007 823 1050 regno
863 994 955 1050 ejus
986 998 1346 1054 compararetur}J
1380 996 1469 1040 Nec

94 1060 243 1106 saltem
263 1061 374 1105 sicut
390 1059 560 1105 obsides
574 1060 667 1105 dari
687 1059 845 1115 solent,
860 1077 960 1106 cum
981 1061 1145 1107 honore
1165 1063 1436 1110 custodiendi
1455 1083 1466 1110 ε

94 1148 174 1176 nec
198 1131 310 1176 sicut
329 1141 477 1193 pastor
509 1130 564 1175 ad
587 1130 842 1193 capiendam
872 1130 1055 1177 bestiam
1077 1131 1224 1178 'tendit
1259 1134 1432 1180 insidias
1455 1153 1465 1180 :

93 1218 227 1265 pecus
250 1201 364 1246 enim
382 1217 507 1246 suum
531 1200 638 1245 solet
662 1217 822 1264 ponere
845 1201 978 1246 inilla
1003 1203 1198 1266 captoria
1218 1204 1435 1251 tendicula
1454 1243 1464 1262 ,

95 1289 182 1317 non
217 1271 465 1316 membrum
491 1287 645 1324 suum;
679 1281 722 1316 et
746 1271 1003 1335 plerumque
1035 1272 1120 1329 ita,
1148 1284 1196 1318 ut
1221 1286 1317 1320 ante
1340 1276 1475 1322 hestia

96 1342 297 1405 capiatur
315 1378 325 1396 ,
354 1358 486 1404 quam
506 1357 640 1403 pecus
672 1340 872 1387 laedatur.
898 1342 983 1387 Vos
1009 1352 1152 1387 autem
1172 1344 1368 1390 membra
1402 1346 1473 1391 dei

95 1411 186 1457 dati
205 1411 302 1456 estis
318 1411 521 1456 hostibus
539 1447 549 1467 ,
575 1427 664 1456 non
687 1410 874 1456 valentes
893 1427 1042 1457 eorum
1059 1430 1080 1456 a
1095 1411 1175 1457 deo
1194 1424 1334 1459 vestro
1355 1432 1472 1461 com-

95 1498 267 1544 pescere
287 1479 522 1535 feritatem,
551 1481 632 1526 nisi
659 1498 807 1526 eorum
842 1482 1122 1528 contaminati
1144 1483 1363 1541 foeditate,
1385 1502 1474 1532 non

95 1551 306 1597 habentes
347 1562 576 1614 peccatum
615 1552 875 1615 proprium,
918 1552 991 1598 sed
1022 1553 1172 1598 hostili
1202 1571 1366 1601 veneno
1404 1567 1474 1602 ta-

93 1621 270 1668 befacti.
301 1622 426 1667 Unde
466 1639 554 1667 non
586 1624 764 1685 potestis
806 1622 948 1667 dicere
984 1622 1030 1667 in
1056 1624 1260 1685 precibus
1286 1626 1468 1672 vestris:

96 1714 116 1734 a
141 1694 327 1755 Propter
357 1691 535 1752 gloriam
564 1692 751 1737 nominis
777 1692 863 1747 tui,
889 1693 1074 1737 Domine
1090 1729 1100 1747 ,
1124 1693 1259 1739 libera
1294 1712 1369 1741 nos
1390 1734 1400 1752 ,
1430 1708 1472 1742 et

97 1785 117 1805 »
138 1762 357 1826 propitius
378 1773 466 1808 esto
479 1763 669 1826 peccatis
687 1763 842 1808 nostris
861 1773 1043 1825 propter
1059 1780 1216 1809 nomen
1236 1776 1361 1812 tuum
1377 1767 1395 1796 1
1414 1786 1424 1812 :
1450 1791 1469 1810 »

96 1834 169 1880 sed
187 1833 330 1879 dicitis
345 1871 356 1890 ,
383 1834 541 1879 Libera
570 1850 646 1878 nos
675 1844 762 1878 arte
786 1844 859 1878 tua
876 1870 886 1889 ,
910 1834 1013 1897 quia
1042 1844 1092 1880 ut
1113 1835 1244 1881 niodo
1278 1837 1322 1882 in
1341 1855 1471 1898 regno

98 1916 174 1950 tuo
194 1921 368 1949 securus
390 1903 535 1964 lugeas
555 1940 566 1959 ,
587 1920 665 1948 nos
691 1904 766 1948 hic
797 1904 1040 1966 premimur
1059 1941 1069 1959 ,
1096 1904 1381 1964 dilaniamur,
1401 1910 1473 1955 in-

98 1975 346 2037 quinamur.
386 1974 494 2019 Haec
518 1990 599 2019 vox
636 1973 903 2019 accusatoria
923 1984 1011 2029 est,
1038 1991 1126 2020 non
1155 1974 1466 2038 deprecatoria.

100 2046 190 2090 Νῶε
213 2043 324 2089 illud
341 2043 518 2107 potestis
538 2043 681 2088 dicere
694 2080 705 2099 ,
729 2042 849 2106 quod
869 2044 1071 2103 Magister
1089 2044 1278 2090 veritatis
1303 2046 1477 2108 docuit,

99 2114 323 2160 «Dimitte
355 2113 481 2159 nobis
517 2113 665 2159 debita
695 2123 865 2169 nostra,
893 2113 1006 2158 sicut
1041 2123 1082 2158 et
1112 2131 1189 2159 nos
1215 2115 1473 2165 dimittimus

100 2207 121 2228 >2
147 2184 419 2230 debitoribus
445 2183 648 2230 nostris2.
666 2183 790 2239 »Qui
816 2193 915 2228 sunt
938 2184 1052 2228 enim
1076 2182 1291 2231 debitores
1315 2190 1441 2234 vestri
1458 2227 1469 2246 ,

101 2256 178 2319 qui
207 2256 252 2300 in
275 2272 350 2301 vos
372 2258 694 2319 peccaverunt?
722 2254 766 2300 Si
798 2271 898 2314 gens
922 2254 1198 2300 tenebrarum
1215 2293 1225 2311 ,
1255 2260 1472 2322 numquid

101 2327 138 2372 ei
171 2325 389 2371 dimittitis
422 2324 598 2380 debita,
623 2341 757 2388 quam
797 2341 931 2388 usque
965 2324 1010 2370 in
1047 2325 1177 2370 finem
1212 2328 1473 2376 eradicatam

101 2405 264 2441 aeterno
289 2411 458 2441 carcere
494 2393 748 2440 includitis?
775 2394 886 2450 Quae
911 2404 1053 2439 autem
1080 2394 1226 2440 debita
1247 2397 1370 2443 vobis
1391 2417 1476 2462 po-

103 2475 183 2511 test
212 2465 283 2512 ille
320 2464 562 2521 dimittere,
591 2463 768 2528 quando
790 2463 861 2510 ille
896 2464 1057 2528 potius·
1075 2465 1120 2510 in
1143 2482 1216 2511 vos
1246 2470 1470 2529 peccavit,

105 2553 207 2582 cum
231 2535 285 2582 ad
304 2535 384 2582 ista
400 2551 476 2582 vos
498 2535 639 2591 misit,
672 2551 804 2598 quam
828 2551 904 2582 vos
935 2535 982 2582 in
1004 2535 1152 2592 illum,
1185 2537 1261 2599 qui
1287 2538 1474 2587 mittenti

153 2626 164 2648 ¹
185 2624 267 2660 Psal.
283 2634 428 2669 Lxxvm,
445 2636 476 2667 9.
491 2643 535 2650 —
549 2622 565 2646 ²
582 2623 701 2659 Matth.
721 2635 765 2664 vx,
791 2636 842 2657 12.
