1795 3253
245 313 423 345 CONTRA
457 309 660 346 FAust
693 311 996 355 mmmmm,
1036 314 1122 347 ΠΒ.
1165 316 1256 349 xvi.
1352 302 1443 366 4¹7

73 482 437 501 swzwsthvbwmkxsxxxv
443 485 515 500 wm
524 487 612 501 svvun
619 485 658 500 uu
663 484 751 500 ιἏὶνυ
757 485 797 499 vu
802 485 934 500 xxxnxxxx'&
940 487 993 501 xxxx
1000 492 1010 500 η
1016 493 1025 501 .
1031 487 1068 500 xm
1075 487 1102 500 xx
1121 488 1159 501 xxx
1167 487 1205 502 xxx
1213 488 1252 502 ux

591 623 789 668 LIBER*
806 621 922 669 XVI.

139 789 173 835 Ι.
216 788 413 833 FAUsTUS
433 785 567 831 dixit:
586 785 768 842 «Quare
789 785 966 847 Moysen
993 801 1078 830 non
1103 786 1317 849 accipitis.
1348 803 1449 832 cum

73 857 274 914 Christus
303 857 422 903 dicat
440 874 450 901 :
470 877 489 896 «
510 856 677 919 Moyses
699 854 752 900 de
777 871 845 900 me
867 855 1062 918 scripsit,
1093 866 1132 900 et
1162 857 1195 901 si
1220 857 1449 903 crederetis

72 950 92 971 »
119 928 284 992 Moysi,
326 927 558 973 crederetis
590 936 631 972 et
666 925 837 971 mihim
858 947 877 966 n
908 926 997 985 Ego
1038 943 1138 971 vero
1178 944 1262 972 non
1307 928 1447 973 solum

72 1000 250 1063 Moysen
269 998 323 1045 de
343 998 518 1044 Christo
539 997 757 1061 scripsisse
773 996 920 1052 velim,
938 995 1009 1041 sed
1030 1014 1177 1042 omnes
1194 998 1321 1043 etiam
1342 1000 1448 1043 Pro-

69 1070 224 1133 phetas
253 1068 509 1114 Judaeorum
542 1078 584 1113 et
612 1067 818 1127 gentium.
863 1067 984 1123 Quid
1019 1068 1133 1113 enim
1168 1068 1253 1113 hoe
1288 1080 1447 1115 nostrae

70 1139 172 1185 fidei
193 1149 384 1195 noceret,
409 1149 484 1184 aut
507 1137 616 1202 quid
648 1155 736 1182 nou
761 1137 907 1200 potius
934 1137 1172 1201 prodesset„
1199 1139 1231 1184 si
1257 1156 1449 1200 congrua

68 1220 109 1255 et
127 1209 427 1256 convenientia
449 1208 642 1271 undique
660 1207 706 1252 in
721 1208 862 1253 Deum
883 1219 1078 1254 nostrum
1100 1209 1342 1256 testimonia
1359 1228 1452 1256 car-

70 1283 298 1345 peremus?
325 1279 551 1344 Siquidem
573 1289 679 1325 esset
697 1279 827 1325 etiam
856 1290 947 1324 tum
971 1280 1157 1326 liberum
1183 1282 1328 1333 nobis,
1351 1282 1451 1327 odio

67 1363 266 1398 manente
293 1363 420 1415 atque
446 1351 709 1396 execratione
732 1351 1046 1413 superstitionis
1069 1368 1236 1406 eorum,
1264 1352 1371 1398 solas
1396 1353 1452 1398 ab

66 1422 221 1468 iisdem
244 1422 298 1468 de
321 1422 499 1468 Christo
524 1438 747 1499 excerpere
771 1421 1056 1484 prophetias:
1076 1422 1181 1468 adeo
1207 1423 1454 1484 mihi'jeon-

65 1493 248 1540 trarium
271 1510 362 1538 non
378 1502 523 1556 potest
542 1509 646 1548 esse,
668 1492 702 1537 si
720 1502 762 1537 et
786 1493 885 1538 Mox
891 1509 969 1542 ses
999 1509 1160 1555 quami
1164 1493 1198 1538 is
1218 1494 1271 1538 sit
1292 1493 1454 1539 alienus

65 1583 88 1611 a
106 1564 301 1617 Christo
322 1581 410 1609 non
432 1563 546 1610 nihil
563 1574 708 1609 tamen
729 1581 753 1608 x
758 1562 928 1609 ideatur
945 1564 1161 1642 scripsisse
1183 1564 1235 1609 (le
1255 1565 1287 1609 C
1294 1565 1445 1612 hristo.

64 1639 132 1683 An
148 1636 382 1700 quisquam
402 1635 634 1681 bominum
657 1651 746 1680 non
764 1646 897 1697 optat
899 1635 982 1680 'erit
1007 1634 1061 1679 de
1086 1635 1221 1697 spinis
1246 1636 1450 1681 omnibus

61 1707 213 1753 florem
225 1706 381 1788 legere.⁵
401 1705 454 1751 de
476 1707 595 1751 omni
618 1706 757 1751 herba
781 1707 971 1766 frugem.
996 1705 1049 1751 de
1067 1707 1225 1752 muscis
1244 1707 1448 1753 omnibus

62 1777 175 1824 mel·
165 1779 394 1842 ,quamvis
424 1794 504 1824 nec
537 1794 725 1833 muscas,
763 1794 842 1823 nec
874 1794 1050 1836 gramen
1082 1778 1126 1822 in
1159 1778 1328 1834 cibum,
1364 1798 1443 1827 nec

62 1849 208 1912 spinas
226 1850 272 1896 in
292 1867 466 1896 coronae
486 1864 746 1912 usurpemus
767 1850 997 1893 ornatum?
1018 1854 1083 1892 An
1103 1848 1331 1911 quisquam
1354 1852 1446 1896 nol-

61 1919 162 1965 let
151 1937 197 1966 ln
232 1922 352 1966 omni
389 1919 614 1984 profundo
654 1917 931 1977 margaritam
969 1918 1111 1970 nasei
1154 1919 1199 1963 in
1240 1921 1444 1967 omnibus

62 1991 184 2036 terris
212 2007 426 2050 gemmas,
457 1992 502 2036 in
525 1989 656 2052 sylvis
683 1988 887 2033 omnibus
914 1991 1074 2050 poma.3
1104 1990 1189 2034 Aut
1213 1990 1246 2035 si
1277 1991 1442 2054 piscem

62 2062 116 2108 de
138 2063 248 2109 mari
271 2062 394 2108 edere
419 2078 507 2106 non
526 2069 670 2114 nocet,
697 2075 852 2121 aquam
874 2058 1026 2103 bibere
1047 2070 1188 2115 nocet,
1212 2061 1441 2126 sciuntque

60 2133 258 2180 homines
275 2132 459 2178 utilibus
475 2131 659 2194 sumptis
673 2129 849 2175 inimica
868 2146 1066 2192 respuere
1080 2149 1090 2182 3
1110 2130 1234 2176 nobis
1250 2132 1438 2180 liberum

60 2222 148 2251 non
169 2216 291 2261 esset,
319 2203 538 2263 religionis
562 2205 772 2263 cujusque
793 2200 881 2246 ritu
906 2200 1129 2255 damnato,
1158 2202 1192 2247 si
1215 2215 1319 2248 esset
1337 2205 1438 2252 inu-

60 2277 147 2323 tilis
176 2276 319 2332 nobis,
356 2274 465 2320 solas
495 2272 596 2319 inde
627 2272 680 2317 de
710 2271 888 2317 Christo
920 2272 1174 2334 prophetias
1207 2275 1403 2338 accipere
1416 2282 1434 2324 ἱ)

60 2349 212 2413 Neque
233 2348 320 2394 hoc
350 2345 573 2410 prodesset
598 2343 816 2389 erroribus
849 2342 902 2388 ad
928 2342 1162 2405 capiendos
1186 2358 1352 2391 nosmet
1388 2366 1435 2394 ac

59 2420 314 2482 redigendos
341 2419 387 2465 in
408 2417 636 2482 propriam
666 2415 913 2461 servitutem
934 2414 1064 2476 :quia
1096 2432 1175 2460 nec
1210 2416 1436 2479 spiritibus

59 2491 314 2548 immundis,
344 2507 446 2536 eum
468 2489 600 2535 iidem
628 2492 774 2533 Jesum
800 2503 886 2532 esse
912 2485 1069 2531 Filium
1094 2486 1174 2532 Dei
1204 2499 1340 2534 exerte
1364 2490 1439 2535 in-

60 2562 464 2626 dissimulanterque
485 2557 838 2613 confiterentur2‚
872 2556 1055 2620 profuit,
1085 2567 1132 2602 ut
1156 2557 1334 2604 minime
1351 2560 1437 2606 sint

108 2667 116 2689 ¹
138 2668 237 2698 Joan.
258 2676 288 2701 V,
308 2664 363 2701 46.
381 2660 451 2688 -ἳ
467 2660 588 2695 Manli,
605 2670 676 2693 vm,
693 2670 750 2699 ‘²0-

187 2733 345 2765 CXXXV.
1246 2727 1268 2755 ᾗ
1279 2729 1302 2775 7
