1795 3253
81 286 255 318 CONTRA
289 284 557 316 ADmANTUM
593 283 827 314 MANICHAEI
865 284 1081 316 DlSClPtssL.
1126 285 1213 316 LIB.
1257 286 1287 315 1.
1363 271 1445 316 131

77 351 430 398 resurrectionem
466 351 525 396 sic
557 350 745 395 levatum
777 360 838 395 est
868 350 913 395 in
950 350 1131 407 coelum,
1159 362 1206 396 ut
1239 368 1319 414 pro
1357 351 1452 415 ipsa

79 422 244 468 coelesti
275 421 547 467 habitatione
578 420 793 465 coelestem
822 421 1034 484 acceperit
1066 422 1377 477 mutationem,
1413 432 1456 467 et

79 492 167 539 hoc
187 509 358 556 sperare
382 493 426 538 in
446 491 514 537 die
532 491 685 537 ultimo
706 492 813 550 jussi
832 509 1000 545 sumus3
1027 492 1123 538 ideo
1144 492 1252 538 dixit
1276 495 1458 556 Aposto-

79 562 147 609 lus
169 580 180 608 :
201 584 222 605 κ
243 563 395 619 Qualis
416 573 624 619 terrenus,
647 562 749 607 tales
768 572 808 607 et
827 562 999 619 terreni,
1023 584 1042 603 »
1063 562 1107 608 id
1127 574 1206 619 est,
1228 563 1454 610 mortales:

79 654 100 675 «
127 634 183 679 Et
196 633 337 696 qualis
354 633 558 690 coelestis,
578 633 680 679 tales
696 643 737 678 et
751 632 961 689 coelestes,
981 656 1000 675 >³
1014 633 1056 679 id
1075 644 1152 690 cst,
1174 634 1457 693 immortales,

79 722 169 752 non
187 705 326 752 solum
352 705 524 757 animis,
552 705 625 751 sed
649 705 778 750 etiam
803 706 1078 769 corporibus.
1111 705 1237 751 Unde
1268 716 1310 751 et
1333 723 1465 770 supra

80 775 260 832 dixerat,
283 775 410 821 aliam
432 793 518 821 esse
538 775 781 822 coelestium
799 793 1037 840 corporum
1055 776 1255 837 gloriam,
1277 787 1318 823 et
1337 776 1466 823 aliam

80 846 361 894 terrestrium.
393 847 527 904 Quod
548 858 692 894 autem
715 847 910 912 spiritale
934 847 1042 894 dixit
1064 865 1223 911 corpus
1246 849 1292 894 in
1317 865 1465 895 resur-

79 919 270 964 rectione
302 917 529 974 futurum,
562 938 650 966 non
683 930 916 984 propterea
942 919 1192 983 putandum
1222 931 1305 977 est,
1345 919 1468 984 quod

80 1006 168 1035 non
192 1006 368 1054 corpus,
400 989 474 1035 sed
498 991 678 1054 spiritus
708 991 789 1036 erit
813 1007 823 1035 z
846 989 920 1035 sed
949 990 1139 1054 spiritale
1162 1008 1322 1054 corpus
1349 991 1470 1037 omni

79 1059 212 1106 modo
232 1060 406 1124 spiritui
426 1061 653 1107 subditum
674 1061 799 1117 dicit,
822 1062 911 1106 sine
931 1061 1075 1125 aliqua
1098 1061 1380 1125 corruptione
1401 1060 1471 1108 vel

78 1143 231 1178 morte.
259 1133 357 1178 Non
379 1132 494 1178 enim
516 1133 620 1197 quia
648 1132 768 1196 quod
793 1132 925 1178 modo
948 1132 1166 1177 habemus
1190 1149 1350 1197 corpus
1374 1133 1471 1178 ani-

78 1204 193 1250 male
218 1201 428 1266 appellat,
454 1204 553 1250 ideo
577 1202 828 1268 putandum
853 1213 915 1247 est
937 1220 1027 1248 non
1051 1203 1163 1249 illud
1182 1222 1268 1250 esse
1286 1221 1465 1269 corpus,

79 1272 154 1318 sed
181 1273 385 1318 animam.
417 1275 530 1332 Ergo
555 1271 929 1335 quemadmodum
954 1288 1114 1335 corpus
1141 1274 1328 1319 animale
1351 1291 1470 1320 nunc

81 1344 260 1399 dicitur,
288 1345 390 1408 quia
412 1344 640 1390 subditum
663 1354 726 1390 est
750 1343 934 1396 animae3
961 1344 1156 1407 spiritale
1188 1356 1332 1390 autem
1356 1363 1470 1393 non-

81 1415 189 1462 dum
216 1415 304 1461 dici
329 1425 493 1478 potest,
525 1415 627 1478 quia
653 1414 850 1460 nondum
872 1414 1047 1477 spiritui
1067 1414 1192 1478 plene
1222 1416 1472 1475 subjectum

81 1497 160 1543 est,
196 1486 393 1549 quandiu
420 1487 645 1564 corrumpi
675 1495 851 1549 potest.
872 1485 932 1530 sic
958 1496 999 1531 et
1030 1496 1136 1531 tunc
1170 1485 1364 1549 spiritale
1390 1506 1473 1535 xo-

81 1556 275 1613 cabitur,
304 1573 407 1602 cum
432 1557 605 1620 spiritui
633 1568 799 1621 atque
786 1557 1019 1602 aeternitati
1041 1556 1162 1603 nulla
1186 1559 1470 1622 corruptione

81 1627 276 1674 resistere
297 1628 473 1691 poterit.

147 1700 237 1745 Aut
258 1699 292 1744 si
322 1698 471 1744 adhuc
499 1714 659 1763 parum
681 1698 856 1744 videtur
886 1716 973 1744 esse
1005 1710 1315 1756 monstratum,
1348 1703 1469 1766 quod

82 1770 338 1816 sententiam
367 1770 494 1815 istam
522 1780 706 1834 propter
734 1770 1087 1816 immutationem
1115 1788 1214 1834 quae
1237 1771 1384 1818 futura
1408 1785 1470 1820 est

84 1840 318 1904 Apostolus
349 1840 531 1898 dixerit,
569 1858 670 1886 cum
704 1840 793 1886 ait:
816 1863 837 1883 «
861 1841 974 1886 Caro
1010 1851 1050 1886 et
1083 1842 1254 1902 sanguis
1285 1859 1469 1903 regnum

83 1934 106 1956 »
128 1914 209 1960 Dei
231 1912 487 1959 haereditate
503 1912 724 1977 possidere
745 1930 833 1957 non
858 1923 1057 1976 possunt,
1081 1930 1222 1978 neque
1243 1915 1468 1980 corruptio

84 2007 107 2028 »
129 1985 504 2047 incorruptionem
523 1983 781 2029 haereditate
798 1983 1042 2046 possidebit
1060 2004 1071 2037 3
1092 2006 1113 2026 »
1132 1985 1338 2031 attendite
1361 1987 1471 2050 quid

84 2057 294 2100 continuo
311 2053 516 2113 subjiciat
543 2065 584 2098 et
612 2055 819 2113 adjungat
845 2073 855 2099 :
883 2076 903 2097 «
932 2056 1046 2101 Ecce
1071 2056 1324 2119 mysterium
1342 2058 1468 2104 vobis

84 2147 106 2168 »
128 2125 443 2172 dicmOmnes
481 2124 658 2188 quidem
697 2141 990 2185 resurgemus,
1025 2145 1115 2173 non
1146 2139 1289 2175 tamen
1322 2147 1470 2176 omnes

84 2218 106 2240 η
128 2195 483 2251 immutabimur,
521 2195 567 2241 in
600 2205 764 2252 atomo,
799 2196 844 2241 in
876 2196 967 2241 ictu
994 2197 1127 2254 oculi,
1159 2199 1206 2244 in
1239 2200 1471 2247 novissima

84 2289 107 2310 >²
129 2268 250 2314 tuba.
278 2268 417 2315 Canet
434 2267 547 2312 enim
566 2267 692 2322 tuba,
716 2277 757 2313 et
775 2267 938 2312 mortui
963 2279 1184 2328 resurgent
1203 2270 1467 2336 incorrupti,

83 2359 106 2381 »
129 2349 173 2384 et
190 2355 268 2384 nos
284 2337 666 2385 immutabin1ur1.
693 2359 713 2379 ›>
732 2338 899 2384 Deinde
917 2339 1124 2396 contexit,
1145 2351 1187 2386 et
1210 2340 1319 2387 dicit
1341 2343 1470 2389 etiam

82 2409 196 2456 illud
225 2409 345 2473 quod
364 2408 499 2472 paulo
525 2419 623 2454 ante
650 2409 1006 2465 commemoravi,
1031 2420 1080 2455 ut
1110 2410 1308 2457 ostendat
1330 2412 1470 2476 qualis

83 2478 233 2526 futura
247 2481 301 2525 sit
318 2480 413 2543 ipsa
430 2480 695 2526 immutatio.
723 2480 878 2526 Statim
895 2480 1061 2544 quiPPe
1082 2480 1191 2527 dicit
1214 2499 1224 2526 ε
1245 2503 1265 2523 c<
1284 2482 1474 2547 Oportet

90 2570 112 2592 υ
131 2551 247 2596 enim
264 2549 552 2613 corruptibile
572 2550 659 2595 hoc
677 2549 858 2596 induere
877 2550 1270 2614 incorruptionem,
1297 2564 1339 2599 et
1360 2571 1474 2601 mor-

138 2635 181 2666 11
198 2635 276 2669 Cur.
291 2645 344 2676 xv,
361 2635 418 2674 51,
436 2635 493 2668 52.

1287 2708 1329 2752 9.
