<?xml version="1.0" encoding="UTF-8"?>
<!DOCTYPE html PUBLIC "-//W3C//DTD XHTML 1.0 Transitional//EN"
    "http://www.w3.org/TR/xhtml1/DTD/xhtml1-transitional.dtd">
<html xmlns="http://www.w3.org/1999/xhtml" xml:lang="en" lang="en">
 <head>
  <title>
</title>
<meta http-equiv="Content-Type" content="text/html;charset=utf-8" />
  <meta name='ocr-system' content='tesseract 3.04.00' />
  <meta name='ocr-capabilities' content='ocr_page ocr_carea ocr_par ocr_line ocrx_word'/>
</head>
<body>
  <div class='ocr_page' id='page_1' title='image "./operaomniaaccura28auguuoft/operaomniaaccura28auguuoft_0291.png"; bbox 0 0 1795 3253; ppageno 0'>
   <div class='ocr_carea' id='block_1_1' title="bbox 313 263 1479 320">
    <p class='ocr_par' dir='ltr' id='par_1_1' title="bbox 313 263 1479 320">
     <span class='ocr_line' id='line_1_1' title="bbox 313 263 1479 320; baseline -0.006 -3"><span class='ocrx_word' id='word_1_1' title='bbox 313 285 489 317; x_wconf 74' lang='lat' dir='ltr'>CONTRA</span> <span class='ocrx_word' id='word_1_2' title='bbox 524 283 726 315; x_wconf 79' lang='lat' dir='ltr'><strong>FAUS&#39;I&#39;UM</strong></span> <span class='ocrx_word' id='word_1_3' title='bbox 760 281 1059 320; x_wconf 75' lang='lat' dir='ltr'>MANICHAEL&#39;M,</span> <span class='ocrx_word' id='word_1_4' title='bbox 1098 281 1185 312; x_wconf 76' lang='lat' dir='ltr'>Lm.</span> <span class='ocrx_word' id='word_1_5' title='bbox 1225 281 1285 312; x_wconf 88' lang='lat' dir='ltr'>vl.</span> <span class='ocrx_word' id='word_1_6' title='bbox 1395 263 1479 310; x_wconf 80' lang='lat'>281</span> 
     </span>
    </p>
   </div>
   <div class='ocr_carea' id='block_1_2' title="bbox 114 346 1496 2610">
    <p class='ocr_par' dir='ltr' id='par_1_2' title="bbox 114 346 1496 2467">
     <span class='ocr_line' id='line_1_2' title="bbox 120 346 1492 416; baseline -0.007 -17"><span class='ocrx_word' id='word_1_7' title='bbox 120 353 274 416; x_wconf 87' lang='lat' dir='ltr'>bisque</span> <span class='ocrx_word' id='word_1_8' title='bbox 306 362 561 406; x_wconf 78' lang='lat' dir='ltr'>vescantur,</span> <span class='ocrx_word' id='word_1_9' title='bbox 595 368 641 395; x_wconf 82' lang='lat' dir='ltr'>ex</span> <span class='ocrx_word' id='word_1_10' title='bbox 673 347 961 394; x_wconf 84' lang='lat' dir='ltr'>masculorum</span> <span class='ocrx_word' id='word_1_11' title='bbox 986 346 1354 410; x_wconf 73' lang='lat' dir='ltr'>foeminarumque</span> <span class='ocrx_word' id='word_1_12' title='bbox 1375 355 1492 391; x_wconf 82' lang='lat' dir='ltr'>coitu</span> 
     </span>
     <span class='ocr_line' id='line_1_3' title="bbox 121 416 1492 488; baseline -0.006 -19"><span class='ocrx_word' id='word_1_13' title='bbox 121 422 381 488; x_wconf 77' lang='lat' dir='ltr'>procreatis,</span> <span class='ocrx_word' id='word_1_14' title='bbox 401 431 442 466; x_wconf 86' lang='lat' dir='ltr'>et</span> <span class='ocrx_word' id='word_1_15' title='bbox 465 421 712 466; x_wconf 83' lang='lat' dir='ltr'>mundiores</span> <span class='ocrx_word' id='word_1_16' title='bbox 747 418 849 464; x_wconf 87' lang='lat' dir='ltr'>coeli</span> <span class='ocrx_word' id='word_1_17' title='bbox 879 427 919 462; x_wconf 90' lang='lat' dir='ltr'>et</span> <span class='ocrx_word' id='word_1_18' title='bbox 942 427 1068 462; x_wconf 80' lang='lat' dir='ltr'>terrae</span> <span class='ocrx_word' id='word_1_19' title='bbox 1100 417 1209 462; x_wconf 86' lang='lat' dir='ltr'>filias</span> <span class='ocrx_word' id='word_1_20' title='bbox 1230 435 1353 462; x_wconf 84' lang='lat' dir='ltr'>ranas</span> <span class='ocrx_word' id='word_1_21' title='bbox 1376 416 1492 476; x_wconf 73' lang='lat' dir='ltr'>abji-</span> 
     </span>
     <span class='ocr_line' id='line_1_4' title="bbox 123 486 1494 540; baseline -0.006 -1"><span class='ocrx_word' id='word_1_22' title='bbox 123 494 254 540; x_wconf 81' lang='lat' dir='ltr'>ciant.</span> <span class='ocrx_word' id='word_1_23' title='bbox 288 493 397 537; x_wconf 81' lang='lat' dir='ltr'>Nam</span> <span class='ocrx_word' id='word_1_24' title='bbox 422 491 661 537; x_wconf 89' lang='lat' dir='ltr'>secundum</span> <span class='ocrx_word' id='word_1_25' title='bbox 687 490 867 535; x_wconf 88' lang='lat' dir='ltr'>istorum</span> <span class='ocrx_word' id='word_1_26' title='bbox 896 486 1090 532; x_wconf 85' lang='lat' dir='ltr'>fabulam</span> <span class='ocrx_word' id='word_1_27' title='bbox 1122 486 1369 532; x_wconf 78' lang='lat' dir='ltr'>mundiores</span> <span class='ocrx_word' id='word_1_28' title='bbox 1395 497 1494 531; x_wconf 92' lang='lat' dir='ltr'>sunt</span> 
     </span>
     <span class='ocr_line' id='line_1_5' title="bbox 122 557 1492 627; baseline -0.006 -18"><span class='ocrx_word' id='word_1_29' title='bbox 122 564 255 627; x_wconf 83' lang='lat' dir='ltr'>primi</span> <span class='ocrx_word' id='word_1_30' title='bbox 278 562 499 626; x_wconf 82' lang='lat' dir='ltr'>principes</span> <span class='ocrx_word' id='word_1_31' title='bbox 532 561 804 607; x_wconf 87' lang='lat' dir='ltr'>tenebrarum</span> <span class='ocrx_word' id='word_1_32' title='bbox 825 596 834 614; x_wconf 77' lang='lat'>‚</span> <span class='ocrx_word' id='word_1_33' title='bbox 867 575 1052 622; x_wconf 78' lang='lat' dir='ltr'>quorum</span> <span class='ocrx_word' id='word_1_34' title='bbox 1089 569 1285 621; x_wconf 86' lang='lat' dir='ltr'>parentes</span> <span class='ocrx_word' id='word_1_35' title='bbox 1320 557 1492 602; x_wconf 85' lang='lat' dir='ltr'>arbores</span> 
     </span>
     <span class='ocr_line' id='line_1_6' title="bbox 121 630 1495 696; baseline -0.006 -16"><span class='ocrx_word' id='word_1_36' title='bbox 121 634 321 689; x_wconf 81' lang='lat' dir='ltr'>fuerunt,</span> <span class='ocrx_word' id='word_1_37' title='bbox 356 650 487 696; x_wconf 89' lang='lat' dir='ltr'>quam</span> <span class='ocrx_word' id='word_1_38' title='bbox 523 633 613 695; x_wconf 78' lang='lat' dir='ltr'>ipse</span> <span class='ocrx_word' id='word_1_39' title='bbox 645 630 941 683; x_wconf 73' lang='lat' dir='ltr'>Manichacus,</span> <span class='ocrx_word' id='word_1_40' title='bbox 975 645 1104 692; x_wconf 86' lang='lat' dir='ltr'>quem</span> <span class='ocrx_word' id='word_1_41' title='bbox 1137 639 1260 691; x_wconf 82' lang='lat' dir='ltr'>pater</span> <span class='ocrx_word' id='word_1_42' title='bbox 1285 638 1325 673; x_wconf 88' lang='lat' dir='ltr'>et</span> <span class='ocrx_word' id='word_1_43' title='bbox 1358 639 1495 673; x_wconf 87' lang='lat' dir='ltr'>mater</span> 
     </span>
     <span class='ocr_line' id='line_1_7' title="bbox 124 697 1494 763; baseline -0.007 -13"><span class='ocrx_word' id='word_1_44' title='bbox 124 703 457 750; x_wconf 81' lang='lat' dir='ltr'>concumbendo</span> <span class='ocrx_word' id='word_1_45' title='bbox 484 712 724 763; x_wconf 87' lang='lat' dir='ltr'>genuerunt</span> <span class='ocrx_word' id='word_1_46' title='bbox 745 719 756 746; x_wconf 90' lang='lat'>:</span> <span class='ocrx_word' id='word_1_47' title='bbox 783 698 1032 745; x_wconf 83' lang='lat' dir='ltr'>mundiores</span> <span class='ocrx_word' id='word_1_48' title='bbox 1049 699 1177 745; x_wconf 85' lang='lat' dir='ltr'>etiam</span> <span class='ocrx_word' id='word_1_49' title='bbox 1201 697 1390 762; x_wconf 87' lang='lat' dir='ltr'>pediculi</span> <span class='ocrx_word' id='word_1_50' title='bbox 1418 715 1494 741; x_wconf 83' lang='lat' dir='ltr'>eo·-</span> 
     </span>
     <span class='ocr_line' id='line_1_8' title="bbox 124 769 1495 838; baseline -0.005 -17"><span class='ocrx_word' id='word_1_51' title='bbox 124 794 248 831; x_wconf 79' lang='lat' dir='ltr'>rum,</span> <span class='ocrx_word' id='word_1_52' title='bbox 284 775 362 838; x_wconf 89' lang='lat' dir='ltr'>qui</span> <span class='ocrx_word' id='word_1_53' title='bbox 399 775 487 820; x_wconf 88' lang='lat' dir='ltr'>sine</span> <span class='ocrx_word' id='word_1_54' title='bbox 527 774 765 819; x_wconf 83' lang='lat' dir='ltr'>concubitu</span> <span class='ocrx_word' id='word_1_55' title='bbox 802 771 956 817; x_wconf 89' lang='lat' dir='ltr'>sudore</span> <span class='ocrx_word' id='word_1_56' title='bbox 989 771 1154 826; x_wconf 74' lang='lat' dir='ltr'>carnis,</span> <span class='ocrx_word' id='word_1_57' title='bbox 1193 770 1260 816; x_wconf 76' lang='lat' dir='ltr'>vel</span> <span class='ocrx_word' id='word_1_58' title='bbox 1303 769 1495 832; x_wconf 78' lang='lat' dir='ltr'>corporis</span> 
     </span>
     <span class='ocr_line' id='line_1_9' title="bbox 123 841 1495 908; baseline -0.005 -16"><span class='ocrx_word' id='word_1_59' title='bbox 123 847 390 892; x_wconf 75' lang='lat' dir='ltr'>exhalatione</span> <span class='ocrx_word' id='word_1_60' title='bbox 416 857 655 891; x_wconf 88' lang='lat' dir='ltr'>nascuntur</span> <span class='ocrx_word' id='word_1_61' title='bbox 671 883 680 897; x_wconf 88' lang='lat'><strong>‚</strong></span> <span class='ocrx_word' id='word_1_62' title='bbox 711 862 840 908; x_wconf 89' lang='lat' dir='ltr'>quam</span> <span class='ocrx_word' id='word_1_63' title='bbox 861 844 928 888; x_wconf 83' lang='lat' dir='ltr'>isti</span> <span class='ocrx_word' id='word_1_64' title='bbox 946 843 1028 906; x_wconf 84' lang='lat' dir='ltr'>ipsi</span> <span class='ocrx_word' id='word_1_65' title='bbox 1056 841 1196 887; x_wconf 83' lang='lat' dir='ltr'>miseri</span> <span class='ocrx_word' id='word_1_66' title='bbox 1216 879 1226 897; x_wconf 78' lang='grc'>,</span> <span class='ocrx_word' id='word_1_67' title='bbox 1253 841 1398 905; x_wconf 84' lang='lat' dir='ltr'>quide</span> <span class='ocrx_word' id='word_1_68' title='bbox 1419 859 1495 904; x_wconf 86' lang='lat' dir='ltr'>pa-</span> 
     </span>
     <span class='ocr_line' id='line_1_10' title="bbox 123 911 1496 974; baseline -0.004 -12"><span class='ocrx_word' id='word_1_69' title='bbox 123 917 318 963; x_wconf 87' lang='lat' dir='ltr'>rentibus</span> <span class='ocrx_word' id='word_1_70' title='bbox 341 917 735 963; x_wconf 79' lang='lat' dir='ltr'>concumbentibus</span> <span class='ocrx_word' id='word_1_71' title='bbox 758 915 847 960; x_wconf 88' lang='lat' dir='ltr'>nati</span> <span class='ocrx_word' id='word_1_72' title='bbox 871 925 982 960; x_wconf 90' lang='lat' dir='ltr'>sunt.</span> <span class='ocrx_word' id='word_1_73' title='bbox 1017 915 1104 959; x_wconf 90' lang='lat' dir='ltr'>Aut</span> <span class='ocrx_word' id='word_1_74' title='bbox 1121 912 1258 971; x_wconf 87' lang='lat' dir='ltr'>sijam</span> <span class='ocrx_word' id='word_1_75' title='bbox 1279 911 1496 974; x_wconf 87' lang='lat' dir='ltr'>quidquid</span> 
     </span>
     <span class='ocr_line' id='line_1_11' title="bbox 124 985 1496 1047; baseline -0.005 -14"><span class='ocrx_word' id='word_1_76' title='bbox 124 1005 170 1033; x_wconf 85' lang='lat' dir='ltr'>ex</span> <span class='ocrx_word' id='word_1_77' title='bbox 193 1005 320 1033; x_wconf 85' lang='lat' dir='ltr'>carne</span> <span class='ocrx_word' id='word_1_78' title='bbox 338 988 464 1033; x_wconf 89' lang='lat' dir='ltr'>etiam</span> <span class='ocrx_word' id='word_1_79' title='bbox 490 988 578 1032; x_wconf 88' lang='lat' dir='ltr'>sine</span> <span class='ocrx_word' id='word_1_80' title='bbox 596 987 838 1032; x_wconf 81' lang='lat' dir='ltr'>concubitu</span> <span class='ocrx_word' id='word_1_81' title='bbox 856 985 1065 1039; x_wconf 75' lang='lat' dir='ltr'>nascitur,</span> <span class='ocrx_word' id='word_1_82' title='bbox 1086 993 1317 1047; x_wconf 83' lang='lat' dir='ltr'>propterea</span> <span class='ocrx_word' id='word_1_83' title='bbox 1338 993 1496 1044; x_wconf 80' lang='lat' dir='ltr'>putant</span> 
     </span>
     <span class='ocr_line' id='line_1_12' title="bbox 123 1053 1496 1121; baseline -0.004 -18"><span class='ocrx_word' id='word_1_84' title='bbox 123 1058 422 1112; x_wconf 87' lang='lat' dir='ltr'>immundum,</span> <span class='ocrx_word' id='word_1_85' title='bbox 451 1059 552 1121; x_wconf 79' lang='lat' dir='ltr'>quia</span> <span class='ocrx_word' id='word_1_86' title='bbox 576 1058 669 1120; x_wconf 82' lang='lat' dir='ltr'>ipsa</span> <span class='ocrx_word' id='word_1_87' title='bbox 693 1075 793 1103; x_wconf 85' lang='lat' dir='ltr'>caro</span> <span class='ocrx_word' id='word_1_88' title='bbox 814 1074 860 1101; x_wconf 83' lang='lat' dir='ltr'>ex</span> <span class='ocrx_word' id='word_1_89' title='bbox 885 1055 1126 1101; x_wconf 85' lang='lat' dir='ltr'>concubitu</span> <span class='ocrx_word' id='word_1_90' title='bbox 1151 1065 1239 1107; x_wconf 76' lang='lat' dir='ltr'>est3</span> <span class='ocrx_word' id='word_1_91' title='bbox 1271 1053 1496 1098; x_wconf 84' lang='lat' dir='ltr'>immunda</span> 
     </span>
     <span class='ocr_line' id='line_1_13' title="bbox 122 1125 1496 1190; baseline -0.003 -17"><span class='ocrx_word' id='word_1_92' title='bbox 122 1139 249 1173; x_wconf 87' lang='lat' dir='ltr'>erunt</span> <span class='ocrx_word' id='word_1_93' title='bbox 267 1128 380 1173; x_wconf 88' lang='lat' dir='ltr'>olera</span> <span class='ocrx_word' id='word_1_94' title='bbox 407 1139 448 1172; x_wconf 88' lang='lat' dir='ltr'>et</span> <span class='ocrx_word' id='word_1_95' title='bbox 466 1128 635 1187; x_wconf 77' lang='lat' dir='ltr'>fruges,</span> <span class='ocrx_word' id='word_1_96' title='bbox 663 1144 762 1190; x_wconf 78' lang='lat' dir='ltr'>quae</span> <span class='ocrx_word' id='word_1_97' title='bbox 791 1127 843 1171; x_wconf 81' lang='lat' dir='ltr'>de</span> <span class='ocrx_word' id='word_1_98' title='bbox 879 1126 1142 1171; x_wconf 79' lang='lat' dir='ltr'>stercoribus</span> <span class='ocrx_word' id='word_1_99' title='bbox 1173 1125 1354 1170; x_wconf 76' lang='lat' dir='ltr'>fertilius</span> <span class='ocrx_word' id='word_1_100' title='bbox 1384 1125 1496 1169; x_wconf 75' lang='lat' dir='ltr'>ube—</span> 
     </span>
     <span class='ocr_line' id='line_1_14' title="bbox 122 1195 1494 1261; baseline -0.003 -18"><span class='ocrx_word' id='word_1_101' title='bbox 122 1199 296 1261; x_wconf 79' lang='lat' dir='ltr'>riusque</span> <span class='ocrx_word' id='word_1_102' title='bbox 319 1199 588 1244; x_wconf 79' lang='lat' dir='ltr'>surrexerint.</span> <span class='ocrx_word' id='word_1_103' title='bbox 632 1199 718 1243; x_wconf 71' lang='lat' dir='ltr'>[bi</span> <span class='ocrx_word' id='word_1_104' title='bbox 742 1197 917 1242; x_wconf 62' lang='lat' dir='ltr'>videant</span> <span class='ocrx_word' id='word_1_105' title='bbox 935 1197 1042 1259; x_wconf 85' lang='lat' dir='ltr'>quid</span> <span class='ocrx_word' id='word_1_106' title='bbox 1078 1196 1262 1251; x_wconf 63' lang='lat' dir='ltr'>faciant9</span> <span class='ocrx_word' id='word_1_107' title='bbox 1298 1195 1364 1240; x_wconf 68' lang='lat' dir='ltr'>vel</span> <span class='ocrx_word' id='word_1_108' title='bbox 1388 1195 1494 1258; x_wconf 66' lang='lat' dir='ltr'>quid</span> 
     </span>
     <span class='ocr_line' id='line_1_15' title="bbox 121 1267 1495 1332; baseline -0.002 -18"><span class='ocrx_word' id='word_1_109' title='bbox 121 1269 410 1332; x_wconf 73' lang='lat' dir='ltr'>respondeant</span> <span class='ocrx_word' id='word_1_110' title='bbox 433 1270 510 1332; x_wconf 88' lang='lat' dir='ltr'>qui</span> <span class='ocrx_word' id='word_1_111' title='bbox 534 1269 675 1328; x_wconf 81' lang='lat' dir='ltr'>fruges</span> <span class='ocrx_word' id='word_1_112' title='bbox 702 1268 854 1314; x_wconf 92' lang='lat' dir='ltr'>dicunt</span> <span class='ocrx_word' id='word_1_113' title='bbox 871 1267 1118 1313; x_wconf 85' lang='lat' dir='ltr'>mundiores</span> <span class='ocrx_word' id='word_1_114' title='bbox 1139 1284 1224 1312; x_wconf 78' lang='lat' dir='ltr'>esse</span> <span class='ocrx_word' id='word_1_115' title='bbox 1249 1283 1378 1329; x_wconf 87' lang='lat' dir='ltr'>quam</span> <span class='ocrx_word' id='word_1_116' title='bbox 1404 1284 1495 1311; x_wconf 81' lang='lat' dir='ltr'>car-</span> 
     </span>
     <span class='ocr_line' id='line_1_16' title="bbox 121 1338 1489 1403; baseline -0.001 -19"><span class='ocrx_word' id='word_1_117' title='bbox 121 1357 208 1385; x_wconf 88' lang='lat' dir='ltr'>nes.</span> <span class='ocrx_word' id='word_1_118' title='bbox 240 1339 351 1385; x_wconf 85' lang='lat' dir='ltr'>Nam</span> <span class='ocrx_word' id='word_1_119' title='bbox 370 1350 553 1385; x_wconf 87' lang='lat' dir='ltr'>stercore</span> <span class='ocrx_word' id='word_1_120' title='bbox 576 1339 683 1403; x_wconf 81' lang='lat' dir='ltr'>quid</span> <span class='ocrx_word' id='word_1_121' title='bbox 716 1339 984 1384; x_wconf 87' lang='lat' dir='ltr'>immundius</span> <span class='ocrx_word' id='word_1_122' title='bbox 1003 1356 1048 1384; x_wconf 81' lang='lat' dir='ltr'>ex</span> <span class='ocrx_word' id='word_1_123' title='bbox 1081 1356 1208 1383; x_wconf 88' lang='lat' dir='ltr'>carne</span> <span class='ocrx_word' id='word_1_124' title='bbox 1233 1338 1463 1401; x_wconf 79' lang='lat' dir='ltr'>projicitur</span> <span class='ocrx_word' id='word_1_125' title='bbox 1479 1375 1489 1389; x_wconf 73' lang='grc'>,</span> 
     </span>
     <span class='ocr_line' id='line_1_17' title="bbox 121 1408 1495 1473; baseline -0.001 -19"><span class='ocrx_word' id='word_1_126' title='bbox 121 1410 292 1473; x_wconf 87' lang='lat' dir='ltr'>etquid</span> <span class='ocrx_word' id='word_1_127' title='bbox 319 1410 522 1470; x_wconf 81' lang='lat' dir='ltr'>frugibus</span> <span class='ocrx_word' id='word_1_128' title='bbox 556 1409 739 1455; x_wconf 78' lang='lat' dir='ltr'>feracius</span> <span class='ocrx_word' id='word_1_129' title='bbox 777 1410 1042 1455; x_wconf 61' lang='lat' dir='ltr'>adhibetur?</span> <span class='ocrx_word' id='word_1_130' title='bbox 1077 1412 1198 1454; x_wconf 73' lang='lat' dir='ltr'>Certe</span> <span class='ocrx_word' id='word_1_131' title='bbox 1223 1409 1307 1471; x_wconf 87' lang='lat' dir='ltr'>ipsi</span> <span class='ocrx_word' id='word_1_132' title='bbox 1342 1408 1495 1453; x_wconf 87' lang='lat' dir='ltr'>dicunt</span> 
     </span>
     <span class='ocr_line' id='line_1_18' title="bbox 120 1480 1491 1543; baseline 0 -18"><span class='ocrx_word' id='word_1_133' title='bbox 120 1498 198 1543; x_wconf 85' lang='lat' dir='ltr'>per</span> <span class='ocrx_word' id='word_1_134' title='bbox 214 1481 454 1526; x_wconf 81' lang='lat' dir='ltr'>attritiones</span> <span class='ocrx_word' id='word_1_135' title='bbox 471 1491 512 1525; x_wconf 90' lang='lat' dir='ltr'>et</span> <span class='ocrx_word' id='word_1_136' title='bbox 530 1480 786 1540; x_wconf 81' lang='lat' dir='ltr'>digestiones</span> <span class='ocrx_word' id='word_1_137' title='bbox 805 1481 1005 1527; x_wconf 88' lang='lat' dir='ltr'>ciborum</span> <span class='ocrx_word' id='word_1_138' title='bbox 1026 1517 1036 1536; x_wconf 61' lang='lat'><em>9</em></span> <span class='ocrx_word' id='word_1_139' title='bbox 1056 1480 1202 1539; x_wconf 82' lang='lat' dir='ltr'>fugere</span> <span class='ocrx_word' id='word_1_140' title='bbox 1219 1480 1320 1525; x_wconf 87' lang='lat' dir='ltr'>inde</span> <span class='ocrx_word' id='word_1_141' title='bbox 1333 1480 1465 1525; x_wconf 80' lang='lat' dir='ltr'>vitam</span> <span class='ocrx_word' id='word_1_142' title='bbox 1481 1518 1491 1533; x_wconf 78' lang='grc'>,</span> 
     </span>
     <span class='ocr_line' id='line_1_19' title="bbox 121 1551 1495 1614; baseline 0 -18"><span class='ocrx_word' id='word_1_143' title='bbox 121 1561 162 1596; x_wconf 92' lang='lat' dir='ltr'>et</span> <span class='ocrx_word' id='word_1_144' title='bbox 179 1552 376 1611; x_wconf 72' lang='lat' dir='ltr'>exiguum</span> <span class='ocrx_word' id='word_1_145' title='bbox 398 1551 609 1614; x_wconf 77' lang='lat' dir='ltr'>quiddam</span> <span class='ocrx_word' id='word_1_146' title='bbox 634 1552 679 1596; x_wconf 88' lang='lat' dir='ltr'>in</span> <span class='ocrx_word' id='word_1_147' title='bbox 700 1563 886 1597; x_wconf 88' lang='lat' dir='ltr'>stercore</span> <span class='ocrx_word' id='word_1_148' title='bbox 914 1569 1145 1598; x_wconf 84' lang='lat' dir='ltr'>remanere.</span> <span class='ocrx_word' id='word_1_149' title='bbox 1179 1552 1271 1596; x_wconf 84' lang='lat' dir='ltr'>Cur</span> <span class='ocrx_word' id='word_1_150' title='bbox 1294 1569 1393 1611; x_wconf 89' lang='lat' dir='ltr'>ergo</span> <span class='ocrx_word' id='word_1_151' title='bbox 1418 1551 1495 1596; x_wconf 91' lang='lat' dir='ltr'>ubi</span> 
     </span>
     <span class='ocr_line' id='line_1_20' title="bbox 119 1622 1496 1682; baseline 0.001 -15"><span class='ocrx_word' id='word_1_152' title='bbox 119 1623 267 1682; x_wconf 77' lang='lat' dir='ltr'>exigua</span> <span class='ocrx_word' id='word_1_153' title='bbox 296 1622 386 1667; x_wconf 76' lang='lat' dir='ltr'>vita</span> <span class='ocrx_word' id='word_1_154' title='bbox 413 1633 630 1678; x_wconf 78' lang='lat' dir='ltr'>remanet,</span> <span class='ocrx_word' id='word_1_155' title='bbox 667 1622 767 1668; x_wconf 89' lang='lat' dir='ltr'>inde</span> <span class='ocrx_word' id='word_1_156' title='bbox 796 1623 886 1668; x_wconf 88' lang='lat' dir='ltr'>cibi</span> <span class='ocrx_word' id='word_1_157' title='bbox 920 1623 1077 1679; x_wconf 67' lang='lat' dir='ltr'>vestri,</span> <span class='ocrx_word' id='word_1_158' title='bbox 1112 1623 1199 1668; x_wconf 84' lang='lat' dir='ltr'>boc</span> <span class='ocrx_word' id='word_1_159' title='bbox 1241 1634 1302 1669; x_wconf 88' lang='lat' dir='ltr'>est</span> <span class='ocrx_word' id='word_1_160' title='bbox 1326 1622 1496 1668; x_wconf 85' lang='lat' dir='ltr'>fructus</span> 
     </span>
     <span class='ocr_line' id='line_1_21' title="bbox 120 1693 1495 1757; baseline 0 -18"><span class='ocrx_word' id='word_1_161' title='bbox 120 1704 243 1739; x_wconf 81' lang='lat' dir='ltr'>terrae</span> <span class='ocrx_word' id='word_1_162' title='bbox 258 1730 268 1749; x_wconf 86' lang='lat'>‚</span> <span class='ocrx_word' id='word_1_163' title='bbox 314 1693 368 1739; x_wconf 90' lang='lat' dir='ltr'>de</span> <span class='ocrx_word' id='word_1_164' title='bbox 411 1704 594 1739; x_wconf 83' lang='lat' dir='ltr'>stercore</span> <span class='ocrx_word' id='word_1_165' title='bbox 641 1704 682 1739; x_wconf 91' lang='lat' dir='ltr'>et</span> <span class='ocrx_word' id='word_1_166' title='bbox 727 1693 925 1739; x_wconf 87' lang='lat' dir='ltr'>meliores</span> <span class='ocrx_word' id='word_1_167' title='bbox 971 1705 1013 1740; x_wconf 89' lang='lat' dir='ltr'>et</span> <span class='ocrx_word' id='word_1_168' title='bbox 1059 1698 1242 1754; x_wconf 83' lang='lat' dir='ltr'>maj0res</span> <span class='ocrx_word' id='word_1_169' title='bbox 1274 1705 1315 1740; x_wconf 92' lang='lat' dir='ltr'>et</span> <span class='ocrx_word' id='word_1_170' title='bbox 1349 1694 1495 1757; x_wconf 82' lang='lat' dir='ltr'>plures</span> 
     </span>
     <span class='ocr_line' id='line_1_22' title="bbox 119 1764 1495 1829; baseline 0.001 -20"><span class='ocrx_word' id='word_1_171' title='bbox 119 1764 326 1810; x_wconf 67' lang='lat' dir='ltr'>existunt?</span> <span class='ocrx_word' id='word_1_172' title='bbox 348 1764 459 1809; x_wconf 85' lang='lat' dir='ltr'>Caro</span> <span class='ocrx_word' id='word_1_173' title='bbox 477 1781 564 1809; x_wconf 90' lang='lat' dir='ltr'>non</span> <span class='ocrx_word' id='word_1_174' title='bbox 581 1765 878 1827; x_wconf 79' lang='lat' dir='ltr'>purgamentis</span> <span class='ocrx_word' id='word_1_175' title='bbox 901 1776 1045 1821; x_wconf 66' lang='lat' dir='ltr'>terrae,</span> <span class='ocrx_word' id='word_1_176' title='bbox 1064 1764 1136 1810; x_wconf 90' lang='lat' dir='ltr'>sed</span> <span class='ocrx_word' id='word_1_177' title='bbox 1149 1764 1330 1810; x_wconf 87' lang='lat' dir='ltr'>foetibus</span> <span class='ocrx_word' id='word_1_178' title='bbox 1346 1766 1495 1829; x_wconf 80' lang='lat' dir='ltr'>pasci-</span> 
     </span>
     <span class='ocr_line' id='line_1_23' title="bbox 118 1835 1491 1897; baseline 0.001 -18"><span class='ocrx_word' id='word_1_179' title='bbox 118 1844 190 1879; x_wconf 87' lang='lat' dir='ltr'>tur</span> <span class='ocrx_word' id='word_1_180' title='bbox 211 1852 222 1880; x_wconf 84' lang='lat'>:</span> <span class='ocrx_word' id='word_1_181' title='bbox 247 1844 357 1880; x_wconf 81' lang='lat' dir='ltr'>terra</span> <span class='ocrx_word' id='word_1_182' title='bbox 375 1851 476 1881; x_wconf 83' lang='lat' dir='ltr'>vero</span> <span class='ocrx_word' id='word_1_183' title='bbox 498 1835 796 1897; x_wconf 84' lang='lat' dir='ltr'>purgamentis</span> <span class='ocrx_word' id='word_1_184' title='bbox 821 1836 979 1892; x_wconf 79' lang='lat' dir='ltr'>carnis,</span> <span class='ocrx_word' id='word_1_185' title='bbox 1000 1853 1088 1881; x_wconf 89' lang='lat' dir='ltr'>non</span> <span class='ocrx_word' id='word_1_186' title='bbox 1110 1835 1290 1881; x_wconf 87' lang='lat' dir='ltr'>foetibus</span> <span class='ocrx_word' id='word_1_187' title='bbox 1314 1835 1491 1881; x_wconf 87' lang='lat' dir='ltr'>foecun-</span> 
     </span>
     <span class='ocr_line' id='line_1_24' title="bbox 118 1904 1493 1967; baseline 0.001 -17"><span class='ocrx_word' id='word_1_188' title='bbox 118 1904 260 1951; x_wconf 87' lang='lat' dir='ltr'>datur.</span> <span class='ocrx_word' id='word_1_189' title='bbox 292 1904 466 1965; x_wconf 85' lang='lat' dir='ltr'>Eligant</span> <span class='ocrx_word' id='word_1_190' title='bbox 486 1905 594 1967; x_wconf 88' lang='lat' dir='ltr'>quid</span> <span class='ocrx_word' id='word_1_191' title='bbox 620 1905 673 1950; x_wconf 90' lang='lat' dir='ltr'>sit</span> <span class='ocrx_word' id='word_1_192' title='bbox 695 1905 900 1951; x_wconf 89' lang='lat' dir='ltr'>mundius</span> <span class='ocrx_word' id='word_1_193' title='bbox 924 1924 935 1951; x_wconf 71' lang='grc' dir='ltr'>ε</span> <span class='ocrx_word' id='word_1_194' title='bbox 960 1917 1034 1951; x_wconf 86' lang='lat' dir='ltr'>aut</span> <span class='ocrx_word' id='word_1_195' title='bbox 1058 1910 1150 1965; x_wconf 83' lang='lat' dir='ltr'>jam</span> <span class='ocrx_word' id='word_1_196' title='bbox 1173 1907 1357 1952; x_wconf 88' lang='lat' dir='ltr'>correcti</span> <span class='ocrx_word' id='word_1_197' title='bbox 1376 1906 1493 1952; x_wconf 86' lang='lat' dir='ltr'>desi-</span> 
     </span>
     <span class='ocr_line' id='line_1_25' title="bbox 117 1975 1486 2040; baseline 0.002 -19"><span class='ocrx_word' id='word_1_198' title='bbox 117 1986 224 2022; x_wconf 86' lang='lat' dir='ltr'>nant</span> <span class='ocrx_word' id='word_1_199' title='bbox 243 1993 328 2021; x_wconf 90' lang='lat' dir='ltr'>esse</span> <span class='ocrx_word' id='word_1_200' title='bbox 344 1975 562 2020; x_wconf 87' lang='lat' dir='ltr'>immundi</span> <span class='ocrx_word' id='word_1_201' title='bbox 580 1986 621 2021; x_wconf 86' lang='lat' dir='ltr'>et</span> <span class='ocrx_word' id='word_1_202' title='bbox 636 1976 829 2022; x_wconf 87' lang='lat' dir='ltr'>infideles</span> <span class='ocrx_word' id='word_1_203' title='bbox 843 2014 853 2033; x_wconf 81' lang='lat'>‚</span> <span class='ocrx_word' id='word_1_204' title='bbox 871 1976 1036 2040; x_wconf 89' lang='lat' dir='ltr'>quibus</span> <span class='ocrx_word' id='word_1_205' title='bbox 1050 1976 1162 2023; x_wconf 88' lang='lat' dir='ltr'>nihil</span> <span class='ocrx_word' id='word_1_206' title='bbox 1178 1978 1232 2023; x_wconf 90' lang='lat' dir='ltr'>sit</span> <span class='ocrx_word' id='word_1_207' title='bbox 1254 1977 1486 2035; x_wconf 78' lang='lat' dir='ltr'>mundum,</span> 
     </span>
     <span class='ocr_line' id='line_1_26' title="bbox 117 2045 1490 2110; baseline 0.001 -18"><span class='ocrx_word' id='word_1_208' title='bbox 117 2056 159 2092; x_wconf 90' lang='lat' dir='ltr'>et</span> <span class='ocrx_word' id='word_1_209' title='bbox 176 2045 406 2092; x_wconf 89' lang='lat' dir='ltr'>nobiscum</span> <span class='ocrx_word' id='word_1_210' title='bbox 429 2045 748 2109; x_wconf 86' lang='lat' dir='ltr'>amplectantur</span> <span class='ocrx_word' id='word_1_211' title='bbox 771 2047 1029 2110; x_wconf 82' lang='lat' dir='ltr'>Apostolum</span> <span class='ocrx_word' id='word_1_212' title='bbox 1049 2047 1264 2094; x_wconf 88' lang='lat' dir='ltr'>dicentem</span> <span class='ocrx_word' id='word_1_213' title='bbox 1294 2066 1304 2093; x_wconf 73' lang='grc' dir='ltr'><strong><em>ι</em></strong></span> <span class='ocrx_word' id='word_1_214' title='bbox 1327 2071 1347 2091; x_wconf 87' lang='lat'>«</span> <span class='ocrx_word' id='word_1_215' title='bbox 1374 2049 1490 2094; x_wconf 92' lang='lat' dir='ltr'>Om-</span> 
     </span>
     <span class='ocr_line' id='line_1_27' title="bbox 117 2116 1490 2184; baseline 0.005 -25"><span class='ocrx_word' id='word_1_216' title='bbox 117 2117 229 2163; x_wconf 84' lang='lat' dir='ltr'>»nia</span> <span class='ocrx_word' id='word_1_217' title='bbox 264 2116 429 2162; x_wconf 86' lang='lat' dir='ltr'>munda</span> <span class='ocrx_word' id='word_1_218' title='bbox 454 2117 673 2164; x_wconf 76' lang='lat' dir='ltr'>mundis1.</span> <span class='ocrx_word' id='word_1_219' title='bbox 720 2119 895 2164; x_wconf 88' lang='lat' dir='ltr'>Domini</span> <span class='ocrx_word' id='word_1_220' title='bbox 932 2129 993 2164; x_wconf 89' lang='lat' dir='ltr'>est</span> <span class='ocrx_word' id='word_1_221' title='bbox 1031 2129 1142 2164; x_wconf 92' lang='lat' dir='ltr'>terra</span> <span class='ocrx_word' id='word_1_222' title='bbox 1180 2131 1222 2165; x_wconf 89' lang='lat' dir='ltr'>et</span> <span class='ocrx_word' id='word_1_223' title='bbox 1260 2120 1490 2184; x_wconf 83' lang='lat' dir='ltr'>plenitudo</span> 
     </span>
     <span class='ocr_line' id='line_1_28' title="bbox 117 2187 1491 2255; baseline 0.004 -21"><span class='ocrx_word' id='word_1_224' title='bbox 117 2209 139 2230; x_wconf 83' lang='grc'>&gt;&gt;</span> <span class='ocrx_word' id='word_1_225' title='bbox 158 2188 290 2248; x_wconf 75' lang='lat' dir='ltr'>eJus2.</span> <span class='ocrx_word' id='word_1_226' title='bbox 323 2187 477 2233; x_wconf 89' lang='lat' dir='ltr'>Omnis</span> <span class='ocrx_word' id='word_1_227' title='bbox 495 2198 691 2234; x_wconf 86' lang='lat' dir='ltr'>creatura</span> <span class='ocrx_word' id='word_1_228' title='bbox 714 2189 794 2234; x_wconf 92' lang='lat' dir='ltr'>Dei</span> <span class='ocrx_word' id='word_1_229' title='bbox 814 2190 931 2236; x_wconf 84' lang='lat' dir='ltr'>bona</span> <span class='ocrx_word' id='word_1_230' title='bbox 953 2191 1058 2238; x_wconf 75' lang='lat' dir='ltr'>est3.</span> <span class='ocrx_word' id='word_1_231' title='bbox 1084 2210 1105 2231; x_wconf 68' lang='lat'>³&gt;</span> <span class='ocrx_word' id='word_1_232' title='bbox 1142 2191 1303 2237; x_wconf 85' lang='lat' dir='ltr'>Omnia</span> <span class='ocrx_word' id='word_1_233' title='bbox 1325 2191 1491 2255; x_wconf 82' lang='lat' dir='ltr'>quippe</span> 
     </span>
     <span class='ocr_line' id='line_1_29' title="bbox 117 2258 1487 2323; baseline 0.002 -17"><span class='ocrx_word' id='word_1_234' title='bbox 117 2276 217 2323; x_wconf 86' lang='lat' dir='ltr'>quae</span> <span class='ocrx_word' id='word_1_235' title='bbox 238 2258 493 2304; x_wconf 86' lang='lat' dir='ltr'>naturaliter</span> <span class='ocrx_word' id='word_1_236' title='bbox 515 2270 643 2316; x_wconf 79' lang='lat' dir='ltr'>sunt,</span> <span class='ocrx_word' id='word_1_237' title='bbox 664 2259 709 2305; x_wconf 91' lang='lat' dir='ltr'>in</span> <span class='ocrx_word' id='word_1_238' title='bbox 733 2260 882 2307; x_wconf 91' lang='lat' dir='ltr'>ordine</span> <span class='ocrx_word' id='word_1_239' title='bbox 903 2278 979 2307; x_wconf 90' lang='lat' dir='ltr'>suo</span> <span class='ocrx_word' id='word_1_240' title='bbox 998 2262 1114 2308; x_wconf 83' lang='lat' dir='ltr'>bona</span> <span class='ocrx_word' id='word_1_241' title='bbox 1139 2273 1239 2308; x_wconf 91' lang='lat' dir='ltr'>sunt</span> <span class='ocrx_word' id='word_1_242' title='bbox 1265 2280 1275 2307; x_wconf 90' lang='lat'><strong>:</strong></span> <span class='ocrx_word' id='word_1_243' title='bbox 1303 2273 1344 2309; x_wconf 89' lang='lat' dir='ltr'>et</span> <span class='ocrx_word' id='word_1_244' title='bbox 1360 2281 1487 2309; x_wconf 90' lang='lat' dir='ltr'>nemo</span> 
     </span>
     <span class='ocr_line' id='line_1_30' title="bbox 114 2329 1489 2393; baseline 0.004 -18"><span class='ocrx_word' id='word_1_245' title='bbox 114 2331 161 2376; x_wconf 89' lang='lat' dir='ltr'>in</span> <span class='ocrx_word' id='word_1_246' title='bbox 175 2329 232 2375; x_wconf 89' lang='lat' dir='ltr'>eis</span> <span class='ocrx_word' id='word_1_247' title='bbox 247 2340 401 2393; x_wconf 86' lang='lat' dir='ltr'>peccat</span> <span class='ocrx_word' id='word_1_248' title='bbox 418 2347 428 2375; x_wconf 78' lang='grc' dir='ltr'><strong><em>ε</em></strong></span> <span class='ocrx_word' id='word_1_249' title='bbox 447 2329 529 2375; x_wconf 90' lang='lat' dir='ltr'>nisi</span> <span class='ocrx_word' id='word_1_250' title='bbox 543 2330 619 2393; x_wconf 86' lang='lat' dir='ltr'>qui</span> <span class='ocrx_word' id='word_1_251' title='bbox 634 2330 829 2376; x_wconf 89' lang='lat' dir='ltr'>ordinem</span> <span class='ocrx_word' id='word_1_252' title='bbox 847 2333 1030 2378; x_wconf 91' lang='lat' dir='ltr'>suumin</span> <span class='ocrx_word' id='word_1_253' title='bbox 1045 2333 1124 2378; x_wconf 89' lang='lat' dir='ltr'>Dei</span> <span class='ocrx_word' id='word_1_254' title='bbox 1137 2333 1384 2380; x_wconf 87' lang='lat' dir='ltr'>obedientia</span> <span class='ocrx_word' id='word_1_255' title='bbox 1401 2352 1489 2380; x_wconf 88' lang='lat' dir='ltr'>non</span> 
     </span>
     <span class='ocr_line' id='line_1_31' title="bbox 117 2400 1481 2467; baseline 0.005 -22"><span class='ocrx_word' id='word_1_256' title='bbox 117 2400 380 2456; x_wconf 80' lang='lat' dir='ltr'>custodiens,</span> <span class='ocrx_word' id='word_1_257' title='bbox 397 2417 728 2464; x_wconf 86' lang='lat' dir='ltr'>eorumquoque</span> <span class='ocrx_word' id='word_1_258' title='bbox 740 2401 934 2449; x_wconf 88' lang='lat' dir='ltr'>ordinem</span> <span class='ocrx_word' id='word_1_259' title='bbox 946 2403 1056 2449; x_wconf 90' lang='lat' dir='ltr'>male</span> <span class='ocrx_word' id='word_1_260' title='bbox 1067 2403 1228 2449; x_wconf 87' lang='lat' dir='ltr'>utendo</span> <span class='ocrx_word' id='word_1_261' title='bbox 1238 2404 1481 2467; x_wconf 85' lang='lat' dir='ltr'>perturbat.</span> 
     </span>
    </p>

    <p class='ocr_par' dir='ltr' id='par_1_3' title="bbox 114 2473 1488 2610">
     <span class='ocr_line' id='line_1_32' title="bbox 181 2473 1484 2539; baseline 0.003 -22"><span class='ocrx_word' id='word_1_262' title='bbox 181 2473 259 2519; x_wconf 78' lang='lat' dir='ltr'>IX.</span> <span class='ocrx_word' id='word_1_263' title='bbox 302 2473 449 2516; x_wconf 87' lang='lat' dir='ltr'>Patres</span> <span class='ocrx_word' id='word_1_264' title='bbox 471 2482 613 2517; x_wconf 89' lang='lat' dir='ltr'>autem</span> <span class='ocrx_word' id='word_1_265' title='bbox 642 2473 777 2518; x_wconf 89' lang='lat' dir='ltr'>nostri</span> <span class='ocrx_word' id='word_1_266' title='bbox 799 2474 874 2537; x_wconf 91' lang='lat' dir='ltr'>qui</span> <span class='ocrx_word' id='word_1_267' title='bbox 907 2475 997 2520; x_wconf 89' lang='lat' dir='ltr'>Deo</span> <span class='ocrx_word' id='word_1_268' title='bbox 1020 2475 1297 2539; x_wconf 84' lang='lat' dir='ltr'>placuerunt,</span> <span class='ocrx_word' id='word_1_269' title='bbox 1332 2486 1484 2522; x_wconf 88' lang='lat' dir='ltr'>tenue-</span> 
     </span>
     <span class='ocr_line' id='line_1_33' title="bbox 114 2541 1488 2610; baseline 0.004 -21"><span class='ocrx_word' id='word_1_270' title='bbox 114 2554 217 2593; x_wconf 83' lang='lat' dir='ltr'>runt</span> <span class='ocrx_word' id='word_1_271' title='bbox 234 2541 430 2588; x_wconf 90' lang='lat' dir='ltr'>ordinem</span> <span class='ocrx_word' id='word_1_272' title='bbox 448 2558 573 2588; x_wconf 90' lang='lat' dir='ltr'>suum</span> <span class='ocrx_word' id='word_1_273' title='bbox 599 2542 645 2587; x_wconf 89' lang='lat' dir='ltr'>in</span> <span class='ocrx_word' id='word_1_274' title='bbox 661 2543 754 2606; x_wconf 86' lang='lat' dir='ltr'>ipsa</span> <span class='ocrx_word' id='word_1_275' title='bbox 773 2543 1037 2604; x_wconf 83' lang='lat' dir='ltr'>obedientia,</span> <span class='ocrx_word' id='word_1_276' title='bbox 1063 2556 1111 2591; x_wconf 91' lang='lat' dir='ltr'>ut</span> <span class='ocrx_word' id='word_1_277' title='bbox 1126 2545 1345 2610; x_wconf 85' lang='lat' dir='ltr'>quidquid</span> <span class='ocrx_word' id='word_1_278' title='bbox 1370 2548 1488 2594; x_wconf 88' lang='lat' dir='ltr'>Deus</span> 
     </span>
    </p>
   </div>
   <div class='ocr_carea' id='block_1_3' title="bbox 165 2623 1096 2676">
    <p class='ocr_par' dir='ltr' id='par_1_4' title="bbox 165 2623 1096 2676">
     <span class='ocr_line' id='line_1_34' title="bbox 165 2623 1096 2676; baseline 0.006 -17"><span class='ocrx_word' id='word_1_279' title='bbox 165 2623 304 2668; x_wconf 69' lang='lat' dir='ltr'>¹Tit.’1‚</span> <span class='ocrx_word' id='word_1_280' title='bbox 327 2627 381 2661; x_wconf 86' lang='lat'>15.</span> <span class='ocrx_word' id='word_1_281' title='bbox 402 2644 444 2652; x_wconf 89' lang='lat'>—</span> <span class='ocrx_word' id='word_1_282' title='bbox 461 2625 477 2649; x_wconf 79' lang='lat'><strong>²</strong></span> <span class='ocrx_word' id='word_1_283' title='bbox 493 2627 577 2662; x_wconf 71' lang='lat' dir='ltr'>Psal.</span> <span class='ocrx_word' id='word_1_284' title='bbox 596 2639 692 2674; x_wconf 75' lang='lat' dir='ltr'>xxm,</span> <span class='ocrx_word' id='word_1_285' title='bbox 717 2639 747 2663; x_wconf 88' lang='lat'>1.</span> <span class='ocrx_word' id='word_1_286' title='bbox 775 2646 820 2653; x_wconf 92' lang='lat'>-—-</span> <span class='ocrx_word' id='word_1_287' title='bbox 838 2626 852 2651; x_wconf 82' lang='lat'><strong>3</strong></span> <span class='ocrx_word' id='word_1_288' title='bbox 870 2641 883 2661; x_wconf 86' lang='lat'>1</span> <span class='ocrx_word' id='word_1_289' title='bbox 905 2629 989 2663; x_wconf 88' lang='lat' dir='ltr'>Tim.</span> <span class='ocrx_word' id='word_1_290' title='bbox 1008 2641 1040 2676; x_wconf 76' lang='lat' dir='ltr'>V,</span> <span class='ocrx_word' id='word_1_291' title='bbox 1063 2637 1096 2668; x_wconf 78' lang='grc'>4.</span> 
     </span>
    </p>
   </div>
  </div>
 </body>
</html>
