1795 3253
271 307 448 340 CONTRA
483 303 730 338 EPls'rOLAM
768 305 1025 347 MANICHAEI,
1066 308 1150 339 Liss.
1194 309 1224 340 1.
1359 311 1451 358 ‘229

77 399 97 420 «
120 376 421 439 Corrumpet»
457 372 626 418 dictum
651 389 763 425 esse,
796 372 1068 435 corruptioni
1096 374 1241 420 tradet
1279 393 1289 420 ε
1318 375 1386 422 vel
1417 376 1452 422 si

76 465 164 512 quo
189 447 276 493 alio
301 444 433 491 modo
459 454 656 508 possunt.
687 443 786 500 Quo
815 443 959 488 animo
983 445 1017 489 si
1035 457 1172 491 essent
1198 447 1243 491 in
1269 458 1456 493 veterem

76 523 234 578 Legem
252 554 264 574 ,
299 526 342 562 et
365 515 504 562 multa
532 515 597 560 ibi
620 513 819 560 miranda
850 514 1156 574 intelligerent,
1193 527 1235 562 et
1260 517 1459 564 nondum

76 588 298 638 intellecta
315 605 404 634 non
425 603 524 633 cum
547 585 647 631 odio
664 585 926 641 lacerarent,
955 585 1028 631 sed
1051 603 1152 632 cum
1176 588 1342 634 honore
1367 588 1458 634 dif-

74 659 248 706 ferrent.

145 729 303 776 XLVI.
336 728 383 774 Si
404 727 501 792 quis
532 737 676 772 autem
699 743 788 772 non
814 727 953 773 credit
976 746 1021 773 ex
1057 728 1196 774 nihilo
1234 745 1320 775 esse
1358 746 1461 775 cor-

77 800 346 864 ruptionem,
376 807 597 862 proponat
633 797 716 842 sibi
754 797 852 844 haec
876 798 993 856 duo,
1021 816 1106 844 esse
1145 810 1186 845 et
1222 817 1312 845 non
1350 817 1455 857 esse,

77 870 201 935 quasi
219 887 267 916 ex
289 868 468 916 diversis
503 868 729 931 pastilam,
768 868 1038 929 intelligendi
1075 869 1240 929 gratia,
1277 881 1325 915 ut
1356 887 1459 915 cum

78 940 211 987 tardis
230 939 397 986 tardius
418 938 692 984 ambulemus
721 956 731 983 :
754 938 911 985 deinde
930 939 1048 986 velut
1067 940 1112 985 in
1130 939 1273 986 medio
1295 940 1461 986 consti-

79 1021 174 1057 tuat
192 1009 377 1074 aliquid,
402 1019 450 1055 ut
486 1019 596 1072 puta
622 1025 783 1072 corpus
819 1010 1068 1067 animantis,
1105 1021 1147 1056 et
1172 1021 1342 1074 quaerat
1373 1010 1460 1056 hoc

79 1076 250 1138 secum,
269 1081 376 1127 dum
397 1080 611 1127 formatur
628 1080 740 1125 illud
764 1098 923 1144 corpus
948 1092 990 1126 et
1016 1082 1225 1139 nascitur,
1248 1082 1351 1128 dum
1379 1101 1460 1130 au-

45 1180 52 1187 ·
79 1163 203 1213 getur
219 1155 310 1212 ejus
330 1150 518 1214 species,
545 1151 762 1207 nutritur,
795 1151 1083 1209 convalescit,
1107 1153 1356 1210 roboratur,
1387 1154 1461 1199 de-

80 1232 272 1279 coratur,
300 1223 516 1278 firmatur,
533 1221 805 1285 inquantum
823 1234 985 1279 manet,
1015 1234 1056 1269 et
1077 1224 1123 1269 in
1141 1235 1354 1288 quantum
1378 1236 1461 1270 sta-

79 1293 248 1350 bilitur,
275 1293 322 1338 in
343 1310 476 1357 quam
498 1303 664 1356 partem
695 1294 872 1351 tendat,
914 1305 1059 1340 utrum
1101 1295 1154 1340 ad
1177 1313 1262 1342 esse
1294 1314 1348 1342 an
1373 1313 1462 1342 non

79 1381 197 1410 esse:
226 1382 316 1410 non
346 1364 572 1410 dubitabit
604 1382 690 1410 esse
720 1365 897 1428 quidem
939 1366 1103 1430 aliquid
1128 1367 1173 1413 in
1197 1367 1301 1430 ipsis
1332 1367 1462 1413 etiam

80 1435 358 1499 primordiis;
391 1435 464 1482 sed
490 1447 655 1500 quanto
691 1436 826 1497 magis
854 1437 991 1483 forma
1009 1449 1049 1484 et
1071 1439 1213 1502 specie
1252 1449 1294 1485 et
1316 1438 1461 1485 valen-

80 1508 141 1554 tia
164 1509 468 1556 constabilitur
491 1519 619 1572 atque
643 1510 867 1567 firmatur,
890 1521 1012 1556 tanto
1031 1512 1166 1570 magis
1184 1510 1274 1556 fieri
1288 1548 1298 1566 ,
1326 1520 1374 1555 ut
1387 1511 1458 1566 sit,

81 1590 122 1625 et
149 1581 196 1626 in
222 1599 316 1627 eam
339 1592 509 1645 partem
547 1582 716 1638 tendat,
744 1600 831 1645 qua
875 1583 1068 1646 positum
1105 1593 1167 1627 est
1203 1599 1302 1628 esse.
1333 1583 1463 1627 Nunc

81 1669 180 1712 ergo
202 1653 388 1716 incipiat
400 1654 642 1718 corrumpi,
670 1654 922 1700 debilitetur
947 1654 1086 1699 omnis
1108 1654 1178 1699 ille
1199 1664 1349 1706 status,
1364 1653 1463 1698 lan-

83 1733 288 1782 guescant
303 1723 431 1778 vires,
456 1733 693 1768 marcescat
719 1724 873 1774 robur,
894 1724 1033 1767 forma
1052 1722 1261 1778 foedetur,
1285 1722 1466 1768 dissiliat

85 1809 298 1855 compago
322 1792 622 1838 membrorum
637 1829 647 1848 ‚
669 1792 951 1838 contabescat
971 1803 1012 1838 et
1037 1792 1200 1838 defluat
1228 1792 1466 1838 concordia

84 1863 276 1927 partium
299 1881 310 1908 z
349 1873 520 1927 quaerat
558 1863 687 1909 etiam
726 1880 845 1909 nunc
868 1880 947 1927 per
972 1863 1099 1909 istam
1141 1864 1468 1928 corruptionem

86 1951 174 1998 quo
198 1934 365 1991 tendat,
391 1945 539 1980 utrum
562 1934 615 1980 ad
633 1951 738 1989 esse,
757 1952 811 1979 an
835 1951 922 1979 non
941 1951 1026 1980 esse
1048 1952 1165 1980 :non
1200 1945 1309 1998 puto
1335 1952 1469 1998 usque

93 2005 198 2052 adeo
215 2023 380 2052 caecum
405 2018 447 2052 et
469 2006 660 2061 tardum,
684 2017 732 2051 ut
754 2006 927 2052 dubitet
950 2007 1057 2069 quid
1074 2007 1157 2052 sibi
1176 2007 1267 2070 ipse
1286 2024 1469 2070 respon-

88 2077 210 2133 deat,
238 2087 279 2122 et
301 2094 388 2122 non
415 2077 570 2122 sentiat
583 2086 747 2140 quanto
764 2077 896 2137 magis
920 2077 1127 2141 quodque
1151 2077 1466 2141 corrumpitur,

89 2158 216 2194 tanto
239 2148 373 2209 magis
397 2147 453 2193 ad
487 2148 713 2194 interitum
742 2148 928 2195 tendere.
958 2149 1101 2194 Omne
1117 2158 1262 2193 autem
1278 2147 1399 2212 quod
1423 2146 1478 2192 ad

88 2219 312 2265 interitum
336 2219 494 2277 tendit,
527 2219 583 2265 ad
607 2237 694 2264 non
711 2236 798 2265 esse
812 2219 966 2266 tendit.
989 2220 1103 2264 Cum
1121 2236 1221 2279 ergo
1241 2220 1381 2264 Deum
1405 2218 1473 2264 in-

91 2290 462 2337 commutabiliter
480 2302 521 2337 et
560 2291 955 2354 incorruptibiliter
979 2309 1065 2337 esse
1091 2291 1356 2337 credendum
1391 2290 1472 2347 sit,

91 2362 138 2408 id
159 2372 302 2408 autem
329 2362 451 2425 quod
488 2362 650 2408 dicitur
673 2362 810 2419 nihil,
834 2363 1008 2427 penitus
1034 2380 1123 2408 non
1161 2380 1246 2408 esse
1269 2361 1477 2407 manifes-

91 2433 248 2479 festum
270 2433 325 2478 sit
347 2450 357 2477 ε
381 2444 423 2479 et
444 2451 545 2479 cum
564 2434 645 2479 ista
665 2434 745 2479 tibi
768 2435 1044 2498 proposueris
1061 2451 1148 2479 esse
1174 2445 1216 2479 et
1252 2450 1339 2478 non
1368 2449 1472 2489 esse,

95 2514 223 2566 atque
260 2504 515 2561 cognoveris
541 2514 704 2567 quanto
740 2505 874 2565 magis
916 2516 1093 2565 augetur
1133 2504 1312 2567 speeies,
1357 2513 1479 2549 tanto

95 2572 229 2632 magis
251 2572 446 2636 quidque
474 2574 648 2620 tendere
667 2585 716 2620 ut
738 2576 817 2628 sit3
846 2587 1011 2640 quanto
1031 2576 1166 2635 magis
1188 2584 1366 2634 augetur
1385 2590 1482 2620 cor-

99 2642 267 2707 ruptio,
290 2652 409 2689 tanto
430 2647 564 2706 magis
586 2645 758 2691 tendere
782 2657 933 2692 utnon
964 2646 1046 2692 sit:
1073 2645 1181 2710 quid
1207 2645 1386 2691 dubitas
1409 2644 1480 2690 di-
