1795 3253
298 313 392 370 438
721 333 755 361 s.
798 332 1039 363 AUGESTtNi
1077 332 1279 362 EPISCOPI

297 393 410 440 duee
445 394 576 441 intret
604 396 649 442 in
681 407 835 443 terram
868 398 1122 444 viventium.
1171 396 1287 442 Talis
1319 398 1432 443 enim
1461 401 1551 459 jam
1587 415 1675 444 non

298 465 480 512 acerbus
500 467 661 514 resistet
692 479 776 514 tam
808 470 1051 533 perspicuae
1076 469 1323 532 prophetiae
1344 507 1355 525 ‚
1382 469 1451 515 sed
1479 488 1529 515 ex
1550 487 1675 516 com-

295 538 607 583 memoratione
629 540 731 585 Jesu
748 577 758 596 ,
796 541 872 604 qui
896 539 1136 586 introduxit
1156 540 1199 585 in
1228 540 1347 586 illam
1378 541 1675 605 promissionis

297 618 454 653 terram
478 648 487 665 ‚
513 608 629 655 mitis
659 611 835 657 effectus
853 649 863 667 ‚
890 611 1034 657 audiet
1059 611 1144 666 jam
1172 610 1343 674 ipsum,
1366 616 1492 672 cujus
1519 629 1678 657 nomen

294 678 366 725 ille
392 679 589 726 habebat
605 719 615 737 ‚
643 681 782 728 verius
803 682 1153 728 introducentem
1175 692 1218 727 et
1238 681 1455 727 dicentem
1483 701 1494 727 :
1520 683 1676 728 «Beati

299 774 320 792 »
346 750 468 796 mites
482 789 492 808 ‚
513 752 721 815 quoniam
745 752 829 817 ipsi
853 754 1109 800 haereditate
1129 752 1417 816 possidebunt
1435 765 1594 799 terram
1609 753 1678 800 1.»

298 821 383 867 Hie
404 825 495 882 jam
516 822 645 869 etiam
674 823 745 870 ille
766 825 951 871 Gentilis
973 863 983 881 ‚
1010 825 1043 870 si
1068 842 1156 870 non
1189 825 1316 870 nimis
1346 824 1569 888 lapideum
1605 843 1680 871 cor

298 892 507 948 haberet,
529 894 602 939 aut
619 895 651 939 si
675 913 723 941 ex
741 895 823 941 illis
842 907 948 942 esset
963 894 1187 959 lapidibus
1206 933 1216 951 ,
1244 894 1296 940 de
1316 896 1478 958 quibus
1502 895 1683 941 suscitat

298 963 415 1009 Deus
439 963 548 1010 filios
574 966 815 1022 Abrahae2,
846 983 990 1011 nonne
1017 966 1244 1011 miraretur
1271 965 1315 1010 in
1341 965 1463 1011 libris
1494 965 1683 1030 antiquis

300 1034 491 1095 ejusdem
523 1035 686 1096 gentis,
715 1055 761 1083 ex
787 1055 872 1102 qua
897 1048 1022 1083 natus
1059 1037 1365 1102 perhiberetur
1401 1037 1524 1083 Jesus
1542 1073 1552 1092 ,
1597 1046 1683 1082 tam

298 1105 543 1150 evidentem
568 1107 621 1153 de
643 1107 718 1153 illo
741 1109 1036 1172 conscriptam
1061 1125 1146 1154 esse
1172 1108 1473 1172 prophetiam,
1492 1118 1541 1153 ut
1557 1109 1684 1153 etiam

301 1194 459 1223 nomen
479 1180 569 1237 ejus
594 1180 906 1242 exprimeretur
931 1198 941 1225 :
967 1179 1183 1244 simulque
1208 1179 1272 1225 ibi
1298 1179 1568 1235 adverteret,
1598 1196 1686 1224 non

299 1248 542 1312 quemlibet
560 1248 783 1296 hominem
803 1251 1068 1314 praedictum
1094 1250 1224 1296 fuisse
1249 1252 1423 1308 Jesum;
1446 1250 1519 1296 sed
1541 1251 1689 1314 utique

302 1319 468 1373 Deum,
494 1337 595 1366 euni
614 1320 658 1366 in
674 1320 851 1368 homine
869 1321 944 1368 illo
964 1359 974 1377 ‚
995 1322 1071 1385 qui
1092 1320 1278 1381 regendo
1299 1331 1340 1366 et
1364 1321 1688 1367 introducendo

298 1389 346 1435 in
375 1406 556 1450 regnum
577 1391 745 1454 populo
764 1392 1026 1438 constitutus
1051 1401 1222 1437 mutato
1252 1391 1426 1436 nomine
1455 1395 1575 1437 Jesus
1604 1409 1689 1455 ap·-

304 1460 491 1524 pellatus
515 1471 597 1517 est,
626 1478 753 1507 suum
777 1480 936 1508 nomen
970 1463 1104 1508 inesse
1134 1463 1251 1507 Deus
1285 1461 1473 1518 diceret,
1503 1478 1689 1526 eumque

304 1532 519 1592 Angelum
547 1533 817 1587 nominaret;
847 1551 896 1579 eo
920 1534 1014 1598 ipso
1041 1533 1162 1597 quod
1194 1543 1362 1579 mutato
1386 1533 1561 1579 nomine
1585 1533 1692 1579 mit-

306 1603 500 1659 tebatur,
522 1621 730 1663 magnum
754 1605 919 1669 aliquid
935 1605 1222 1668 divinumque
1247 1604 1552 1650 nuntiantem?
1571 1606 1692 1650 Nun-

309 1674 418 1719 tium
445 1674 613 1737 quippe
637 1691 777 1734 graece
816 1676 1029 1735 Angelum
1062 1676 1178 1731 dici,
1205 1676 1302 1739 quis
1337 1675 1410 1721 illa
1439 1675 1588 1735 lingua
1626 1674 1693 1721 vel

316 1745 498 1791 tenuiter
522 1745 862 1805 tinctusignoret
878 1749 896 1792 ἶ)
913 1746 1212 1803 Quamobrem
1231 1746 1417 1809 quilibet
1437 1746 1639 1802 Gentius,
1661 1746 1693 1792 si

317 1832 542 1880 perversus
556 1826 597 1860 et
619 1817 819 1879 pervicax
839 1834 924 1861 esse
944 1816 1095 1872 nollet,
1110 1834 1197 1862 non
1213 1816 1309 1861 ideo
1330 1815 1464 1861 libros
1482 1815 1575 1861 illos
1594 1833 1696 1861 con-

313 1897 541 1942 temneret,
559 1886 661 1950 quia
675 1898 811 1933 essent
824 1887 1019 1942 Hebraei,
1039 1891 1165 1947 cujus
1179 1885 1314 1947 gentis
1328 1886 1418 1946 lege
1432 1903 1519 1932 non
1538 1897 1697 1932 tenere-

318 1969 388 2004 tur
405 1978 415 2012 ;
437 1956 509 2004 sed
523 1957 905 2019 cujuslibetgentis
920 1957 1054 2003 libros
1072 1958 1168 2004 ideo
1182 1957 1327 2017 magni
1346 1955 1576 2020 penderet,
1595 1957 1699 2022 quia

317 2030 363 2077 in
387 2029 445 2074 eis
472 2040 592 2075 tanto
611 2040 707 2074 ante
723 2031 973 2093 conscripta
990 2029 1204 2075 inveniret
1221 2066 1232 2085 ‚
1261 2045 1361 2092 quae
1381 2028 1466 2073 suis
1480 2031 1572 2088 jam
1597 2038 1699 2074 tem-

318 2100 502 2166 poribus
520 2099 699 2164 impleta
720 2111 996 2161 cognosceret
1019 2118 1029 2146 :
1048 2101 1280 2165 ipsumque
1300 2099 1525 2145 Christum
1550 2100 1700 2145 Jesum

318 2189 408 2218 non
431 2182 662 2235 propterea
687 2183 934 2235 sperneret,
958 2172 1058 2236 quia
1086 2170 1304 2217 hebraicis
1321 2169 1474 2216 litteris
1492 2187 1700 2233 praenun-

316 2243 475 2289 tiatum
500 2241 669 2288 videret
687 2279 697 2297 ‚
721 2242 793 2288 sed
811 2243 959 2306 potius
977 2261 1075 2289 eum
1095 2280 1106 2299 ,
1128 2243 1206 2306 qui
1228 2242 1380 2288 litteris
1403 2241 1694 2304 quibuslibet,

316 2323 550 2375 antequam
581 2311 693 2358 inter
730 2312 928 2360 homines
960 2324 1227 2370 nasceretur,
1266 2329 1344 2376 per
1373 2322 1437 2357 tot
1472 2311 1697 2358 volumina

315 2382 579 2430 saeculorum
596 2421 606 2439 ,
632 2383 796 2447 partim
822 2385 1114 2448 apertioribus
1136 2383 1391 2431 testimoniis
1407 2420 1418 2439 ,
1442 2383 1605 2446 partim
1626 2400 1698 2429 re-

322 2471 420 2500 rum
436 2464 652 2514 gestarum
670 2465 712 2500 et
729 2472 975 2501 sermonum
992 2456 1140 2516 figuris
1159 2466 1201 2501 et
1218 2454 1496 2501 sacramentis
1512 2453 1570 2500 ita
1588 2471 1701 2516 prae-

319 2524 515 2571 nuntiari
539 2525 923 2590 commendarique
943 2526 1190 2584 meruisset,
1211 2543 1312 2572 cum
1330 2524 1493 2585 ingenti
1515 2523 1702 2571 admira-

320 2594 436 2641 tione
454 2605 496 2641 et
512 2595 668 2642 devota
691 2595 897 2657 religione
913 2597 1169 2645 sectandum
1192 2595 1580 2661 venerandumque
1604 2612 1704 2642 cen-

375 2677 385 2700 ¹
405 2678 522 2713 Matth.
541 2691 573 2723 v,
590 2687 619 2718 4.
642 2700 684 2708 --
705 2679 785 2715 ²1d.
805 2692 855 2721 ιιι,
875 2693 907 2723 9.
