1795 3253
123 307 180 339 niz
216 304 394 338 omnus
430 305 660 337 Ammnus
696 304 872 336 CONTRA
908 304 1126 347 MANICH.‚
1165 307 1253 339 Lm.
1295 311 1325 340 1.
1409 296 1468 358 73

93 372 204 419 cati!
235 388 261 417 o
286 387 429 417 comes
446 388 579 435 poena
598 370 767 434 peccati
788 371 797 416 Ι
825 369 911 416 Vos
946 380 1140 417 metune
1166 391 1189 418 a
1210 390 1352 420 rerum
1382 383 1471 420 tam

91 444 414 492 manifestarum
435 444 774 490 consideratione
804 443 1045 498 avertistis3
1069 445 1144 491 sed
1169 464 1255 492 non
1277 448 1476 494 sentienti

92 516 315 563 nocebatis
340 532 352 561 ι
374 532 491 560 nunc
509 514 667 560 veroin
687 513 1028 559 familiarissimis
1045 515 1147 560 meis
1167 516 1363 563 similiter
1380 535 1468 564 non

93 586 376 633 sentientibus
401 603 467 631 me
484 589 575 645 jam
595 583 834 631 vulneratis
853 585 1148 647 torquetisque
1166 587 1432 635 sentientem.

158 657 319 704 XXIV.
361 655 581 702 Attendite
605 655 685 701 ista
700 692 710 711 ‚
738 671 887 718 quaeso
905 692 916 713 ‚
946 655 1188 702 charissimi
1210 675 1219 702 :
1241 669 1380 704 vestra
1401 659 1473 704 in·-

95 727 217 788 genia
242 727 352 772 bene
370 726 487 772 novi.
511 726 555 770 Si
574 725 683 770 mihi
703 741 819 770 nunc
839 742 914 771 vos
931 725 1264 790 qualiscumque
1283 728 1474 774 hominis

95 807 283 843 mentem
314 796 612 858 rationemque
650 794 909 851 conceditis,
947 795 1086 841 multo
1122 798 1305 844 certiora
1342 810 1442 844 sunt
1460 836 1471 856 ,

95 885 228 932 quam
245 883 345 930 quae
373 866 436 912 ibi
461 865 529 911 vel
564 865 825 911 videbamur
846 865 1032 923 discere,
1054 866 1122 913 vel
1147 869 1280 929 magis
1303 869 1476 915 credere

97 937 374 997 cogebamur.
398 937 513 981 Deus
529 952 698 995 magne,
716 937 832 981 Deus
850 936 1141 1000 omnipotenS,
1164 939 1280 985 Deus
1293 957 1474 985 summae

96 1006 319 1062 bonitatis,
334 1023 464 1070 quem
478 1005 775 1051 inviolabilem
788 1016 915 1069 atque
932 1005 1339 1055 incommutabilem
1356 1009 1476 1056 credi

100 1087 228 1140 atque
245 1076 426 1136 intelligi
445 1075 508 1121 fas
532 1086 619 1132 est,
642 1076 777 1121 Trina
805 1077 947 1122 unitas
963 1115 974 1134 ,
996 1095 1130 1141 quam
1149 1079 1367 1127 catholica
1385 1082 1475 1127 Ec-

99 1147 227 1193 clesia
248 1147 382 1203 colit,
411 1146 592 1210 supplex
613 1163 688 1192 oro
703 1184 714 1203 ,
747 1157 945 1210 expertus
972 1148 1018 1194 in
1042 1167 1110 1195 me
1133 1150 1474 1198 misericordiam

100 1228 220 1263 tuam
240 1253 252 1273 ,
276 1234 328 1262 ne
349 1217 547 1262 homines
562 1253 572 1269 ‚
595 1233 696 1261 cum
719 1216 881 1280 quibus
905 1218 1016 1264 mihi
1039 1238 1060 1264 a
1084 1220 1273 1284 pueritia
1294 1222 1339 1268 in
1357 1221 1477 1268 omni

100 1287 304 1334 convictu
320 1287 405 1333 fuit
422 1304 591 1333 summa
615 1288 835 1333 consensio
851 1325 862 1345 ,
889 1288 935 1333 in
953 1299 1028 1335 tuo
1049 1290 1171 1336 cultu
1187 1309 1209 1336 a
1227 1311 1295 1339 me
1309 1293 1477 1339 dissen-

101 1358 180 1404 tire
195 1357 579 1421 permittas.Video
597 1358 776 1404 maxime
796 1360 1011 1422 expectari
1028 1360 1241 1419 hocloco,
1257 1363 1478 1427 quomodo

102 1428 231 1474 etiam
253 1428 492 1474 catholicas
519 1427 768 1491 Scripturas
807 1446 830 1474 a
869 1430 1126 1477 Munichaeis
1159 1445 1379 1480 accusatas
1409 1432 1478 1479 vel

102 1510 209 1545 tunc
228 1498 518 1554 defenderem,
546 1498 598 1553 si,
626 1509 674 1544 ut
696 1498 817 1555 dico,
839 1510 992 1545 cautus
1003 1518 1161 1556 essem;
1183 1504 1250 1550 vel
1268 1521 1384 1550 nunc
1400 1502 1480 1549 de-

101 1568 220 1614 fendi
239 1586 361 1632 posse
380 1568 685 1614 demonstrem.
721 1568 807 1614 Sed
840 1569 887 1615 in
920 1569 1015 1616 aliis
1037 1572 1337 1621 voluminibus
1359 1575 1477 1620 Deus

103 1639 327 1700 adjuvabit
349 1638 625 1703 propositum
651 1656 797 1685 meum
814 1677 825 1696 ‚
846 1657 948 1685 nam
972 1640 1107 1702 hujus
1127 1647 1219 1704 jam
1233 1682 1243 1701 ‚
1262 1656 1476 1710 quantum

105 1710 309 1773 arbitror,
337 1709 560 1756 moderata
584 1709 707 1774 parci
730 1709 813 1757 sibi
830 1711 1023 1775 postulat
1045 1712 1287 1776 longitudo.
