<?xml version="1.0" encoding="UTF-8"?>
<!DOCTYPE html PUBLIC "-//W3C//DTD XHTML 1.0 Transitional//EN"
    "http://www.w3.org/TR/xhtml1/DTD/xhtml1-transitional.dtd">
<html xmlns="http://www.w3.org/1999/xhtml" xml:lang="en" lang="en">
 <head>
  <title>
</title>
<meta http-equiv="Content-Type" content="text/html;charset=utf-8" />
  <meta name='ocr-system' content='tesseract 3.04.00' />
  <meta name='ocr-capabilities' content='ocr_page ocr_carea ocr_par ocr_line ocrx_word'/>
</head>
<body>
  <div class='ocr_page' id='page_1' title='image "./operaomniaaccura28auguuoft/operaomniaaccura28auguuoft_0063.png"; bbox 0 0 1795 3253; ppageno 0'>
   <div class='ocr_carea' id='block_1_1' title="bbox 153 269 1495 324">
    <p class='ocr_par' dir='ltr' id='par_1_1' title="bbox 153 269 1495 324">
     <span class='ocr_line' id='line_1_1' title="bbox 153 269 1495 324; baseline 0.001 -8"><span class='ocrx_word' id='word_1_1' title='bbox 153 285 210 317; x_wconf 83' lang='lat' dir='ltr'>DE</span> <span class='ocrx_word' id='word_1_2' title='bbox 246 283 422 316; x_wconf 81' lang='lat' dir='ltr'>DUABUS</span> <span class='ocrx_word' id='word_1_3' title='bbox 459 280 686 315; x_wconf 67' lang='lat' dir='ltr'>AMMABus</span> <span class='ocrx_word' id='word_1_4' title='bbox 723 279 897 313; x_wconf 77' lang='lat' dir='ltr'>CONTRA</span> <span class='ocrx_word' id='word_1_5' title='bbox 933 279 1147 324; x_wconf 79' lang='lat' dir='ltr'>MANICI1.,</span> <span class='ocrx_word' id='word_1_6' title='bbox 1187 283 1274 316; x_wconf 78' lang='lat' dir='ltr'>Lm.</span> <span class='ocrx_word' id='word_1_7' title='bbox 1318 285 1347 316; x_wconf 87' lang='lat'>1.</span> <span class='ocrx_word' id='word_1_8' title='bbox 1433 269 1495 317; x_wconf 78' lang='lat'>53</span> 
     </span>
    </p>
   </div>
   <div class='ocr_carea' id='block_1_2' title="bbox 82 347 1500 2689">
    <p class='ocr_par' dir='ltr' id='par_1_2' title="bbox 82 347 1500 2114">
     <span class='ocr_line' id='line_1_2' title="bbox 119 347 1500 417; baseline -0.001 -18"><span class='ocrx_word' id='word_1_9' title='bbox 119 369 220 417; x_wconf 83' lang='lat' dir='ltr'>quae</span> <span class='ocrx_word' id='word_1_10' title='bbox 237 350 446 416; x_wconf 89' lang='lat' dir='ltr'>quoniam</span> <span class='ocrx_word' id='word_1_11' title='bbox 473 366 596 395; x_wconf 88' lang='lat' dir='ltr'>sensu</span> <span class='ocrx_word' id='word_1_12' title='bbox 625 347 819 411; x_wconf 88' lang='lat' dir='ltr'>corporis</span> <span class='ocrx_word' id='word_1_13' title='bbox 849 365 938 393; x_wconf 91' lang='lat' dir='ltr'>non</span> <span class='ocrx_word' id='word_1_14' title='bbox 963 361 1324 408; x_wconf 85' lang='lat' dir='ltr'>cognoscerentur</span> <span class='ocrx_word' id='word_1_15' title='bbox 1338 388 1349 408; x_wconf 83' lang='lat'><strong><em>‚</em></strong></span> <span class='ocrx_word' id='word_1_16' title='bbox 1368 361 1409 396; x_wconf 84' lang='lat' dir='ltr'>et</span> <span class='ocrx_word' id='word_1_17' title='bbox 1429 361 1500 399; x_wconf 86' lang='lat' dir='ltr'>ta-</span> 
     </span>
     <span class='ocr_line' id='line_1_3' title="bbox 118 417 1494 486; baseline 0 -18"><span class='ocrx_word' id='word_1_18' title='bbox 118 440 218 468; x_wconf 90' lang='lat' dir='ltr'>men</span> <span class='ocrx_word' id='word_1_19' title='bbox 242 430 603 482; x_wconf 84' lang='lat' dir='ltr'>cognoscerentur</span> <span class='ocrx_word' id='word_1_20' title='bbox 620 453 630 472; x_wconf 89' lang='lat'>‚</span> <span class='ocrx_word' id='word_1_21' title='bbox 660 435 747 464; x_wconf 86' lang='lat' dir='ltr'>non</span> <span class='ocrx_word' id='word_1_22' title='bbox 771 418 852 463; x_wconf 79' lang='lat' dir='ltr'>nisi</span> <span class='ocrx_word' id='word_1_23' title='bbox 870 417 1159 478; x_wconf 79' lang='lat' dir='ltr'>intelligibilia</span> <span class='ocrx_word' id='word_1_24' title='bbox 1179 438 1304 484; x_wconf 82' lang='lat' dir='ltr'>posse</span> <span class='ocrx_word' id='word_1_25' title='bbox 1323 422 1494 486; x_wconf 83' lang='lat' dir='ltr'>accipi,</span> 
     </span>
     <span class='ocr_line' id='line_1_4' title="bbox 119 488 1500 557; baseline 0.001 -20"><span class='ocrx_word' id='word_1_26' title='bbox 119 511 219 557; x_wconf 83' lang='lat' dir='ltr'>quae</span> <span class='ocrx_word' id='word_1_27' title='bbox 240 493 275 538; x_wconf 90' lang='lat' dir='ltr'>si</span> <span class='ocrx_word' id='word_1_28' title='bbox 293 491 566 537; x_wconf 83' lang='lat' dir='ltr'>sensibilibus</span> <span class='ocrx_word' id='word_1_29' title='bbox 591 490 795 536; x_wconf 88' lang='lat' dir='ltr'>omnibus</span> <span class='ocrx_word' id='word_1_30' title='bbox 812 488 1102 546; x_wconf 79' lang='lat' dir='ltr'>antecellunt,</span> <span class='ocrx_word' id='word_1_31' title='bbox 1137 507 1216 536; x_wconf 89' lang='lat' dir='ltr'>cur</span> <span class='ocrx_word' id='word_1_32' title='bbox 1241 491 1383 538; x_wconf 85' lang='lat' dir='ltr'>lucem</span> <span class='ocrx_word' id='word_1_33' title='bbox 1409 494 1500 540; x_wconf 90' lang='lat' dir='ltr'>Deo</span> 
     </span>
     <span class='ocr_line' id='line_1_5' title="bbox 118 560 1500 619; baseline 0.001 -8"><span class='ocrx_word' id='word_1_34' title='bbox 118 565 288 611; x_wconf 84' lang='lat' dir='ltr'>auctori</span> <span class='ocrx_word' id='word_1_35' title='bbox 318 581 404 610; x_wconf 91' lang='lat' dir='ltr'>esse</span> <span class='ocrx_word' id='word_1_36' title='bbox 436 561 712 608; x_wconf 81' lang='lat' dir='ltr'>tribuendam</span> <span class='ocrx_word' id='word_1_37' title='bbox 741 560 856 606; x_wconf 83' lang='lat' dir='ltr'>inter</span> <span class='ocrx_word' id='word_1_38' title='bbox 878 577 954 606; x_wconf 91' lang='lat' dir='ltr'>nos</span> <span class='ocrx_word' id='word_1_39' title='bbox 984 562 1261 619; x_wconf 81' lang='lat' dir='ltr'>conveniret,</span> <span class='ocrx_word' id='word_1_40' title='bbox 1292 564 1500 612; x_wconf 88' lang='lat' dir='ltr'>vitiorum</span> 
     </span>
     <span class='ocr_line' id='line_1_6' title="bbox 116 633 1498 694; baseline 0 -11"><span class='ocrx_word' id='word_1_41' title='bbox 116 653 217 683; x_wconf 86' lang='lat' dir='ltr'>vero</span> <span class='ocrx_word' id='word_1_42' title='bbox 239 647 457 682; x_wconf 82' lang='lat' dir='ltr'>auctorem</span> <span class='ocrx_word' id='word_1_43' title='bbox 490 636 631 680; x_wconf 85' lang='lat' dir='ltr'>Deum</span> <span class='ocrx_word' id='word_1_44' title='bbox 657 650 782 679; x_wconf 88' lang='lat' dir='ltr'>nemo</span> <span class='ocrx_word' id='word_1_45' title='bbox 817 633 898 678; x_wconf 85' lang='lat' dir='ltr'>nisi</span> <span class='ocrx_word' id='word_1_46' title='bbox 921 633 1151 694; x_wconf 84' lang='lat' dir='ltr'>sacrilegus</span> <span class='ocrx_word' id='word_1_47' title='bbox 1175 634 1351 683; x_wconf 85' lang='lat' dir='ltr'>diceret.</span> <span class='ocrx_word' id='word_1_48' title='bbox 1385 638 1498 683; x_wconf 87' lang='lat' dir='ltr'>Res-</span> 
     </span>
     <span class='ocr_line' id='line_1_7' title="bbox 115 704 1497 771; baseline 0 -18"><span class='ocrx_word' id='word_1_49' title='bbox 115 706 352 771; x_wconf 87' lang='lat' dir='ltr'>ponderem</span> <span class='ocrx_word' id='word_1_50' title='bbox 375 705 545 752; x_wconf 88' lang='lat' dir='ltr'>homini</span> <span class='ocrx_word' id='word_1_51' title='bbox 564 743 574 761; x_wconf 83' lang='lat'>‚</span> <span class='ocrx_word' id='word_1_52' title='bbox 599 705 633 750; x_wconf 91' lang='lat' dir='ltr'>si</span> <span class='ocrx_word' id='word_1_53' title='bbox 655 714 729 749; x_wconf 87' lang='lat' dir='ltr'>aut</span> <span class='ocrx_word' id='word_1_54' title='bbox 747 704 891 750; x_wconf 86' lang='lat' dir='ltr'>statim</span> <span class='ocrx_word' id='word_1_55' title='bbox 916 715 958 749; x_wconf 88' lang='lat' dir='ltr'>et</span> <span class='ocrx_word' id='word_1_56' title='bbox 974 715 1148 767; x_wconf 86' lang='lat' dir='ltr'>repente</span> <span class='ocrx_word' id='word_1_57' title='bbox 1165 742 1175 761; x_wconf 85' lang='lat'>‚</span> <span class='ocrx_word' id='word_1_58' title='bbox 1202 716 1250 751; x_wconf 86' lang='lat' dir='ltr'>ut</span> <span class='ocrx_word' id='word_1_59' title='bbox 1270 706 1396 752; x_wconf 87' lang='lat' dir='ltr'>bonis</span> <span class='ocrx_word' id='word_1_60' title='bbox 1417 708 1497 754; x_wconf 91' lang='lat' dir='ltr'>Dei</span> 
     </span>
     <span class='ocr_line' id='line_1_8' title="bbox 115 774 1498 841; baseline 0 -17"><span class='ocrx_word' id='word_1_61' title='bbox 115 777 359 824; x_wconf 85' lang='lat' dir='ltr'>cultoribus</span> <span class='ocrx_word' id='word_1_62' title='bbox 381 776 489 822; x_wconf 87' lang='lat' dir='ltr'>solet</span> <span class='ocrx_word' id='word_1_63' title='bbox 505 813 515 832; x_wconf 74' lang='lat'>,</span> <span class='ocrx_word' id='word_1_64' title='bbox 544 775 753 822; x_wconf 86' lang='lat' dir='ltr'>divinitus</span> <span class='ocrx_word' id='word_1_65' title='bbox 773 774 1008 820; x_wconf 77' lang='lat' dir='ltr'>infulsisset</span> <span class='ocrx_word' id='word_1_66' title='bbox 1028 776 1161 836; x_wconf 84' lang='lat' dir='ltr'>hujus</span> <span class='ocrx_word' id='word_1_67' title='bbox 1184 776 1340 822; x_wconf 89' lang='lat' dir='ltr'>solutio</span> <span class='ocrx_word' id='word_1_68' title='bbox 1357 795 1498 841; x_wconf 81' lang='lat' dir='ltr'>quaes-</span> 
     </span>
     <span class='ocr_line' id='line_1_9' title="bbox 116 846 1496 910; baseline 0 -16"><span class='ocrx_word' id='word_1_69' title='bbox 116 848 245 894; x_wconf 87' lang='lat' dir='ltr'>tionis</span> <span class='ocrx_word' id='word_1_70' title='bbox 261 885 272 904; x_wconf 81' lang='lat'>‚</span> <span class='ocrx_word' id='word_1_71' title='bbox 301 858 377 893; x_wconf 86' lang='lat' dir='ltr'>aut</span> <span class='ocrx_word' id='word_1_72' title='bbox 401 846 548 892; x_wconf 84' lang='lat' dir='ltr'>fuisset</span> <span class='ocrx_word' id='word_1_73' title='bbox 568 857 689 892; x_wconf 84' lang='lat' dir='ltr'>antea</span> <span class='ocrx_word' id='word_1_74' title='bbox 715 856 964 910; x_wconf 72' lang='lat' dir='ltr'>praeparata</span> <span class='ocrx_word' id='word_1_75' title='bbox 989 863 999 891; x_wconf 91' lang='lat'>:</span> <span class='ocrx_word' id='word_1_76' title='bbox 1023 863 1210 909; x_wconf 88' lang='lat' dir='ltr'>quorum</span> <span class='ocrx_word' id='word_1_77' title='bbox 1232 848 1265 893; x_wconf 90' lang='lat' dir='ltr'>si</span> <span class='ocrx_word' id='word_1_78' title='bbox 1291 859 1496 895; x_wconf 90' lang='lat' dir='ltr'>neutrum</span> 
     </span>
     <span class='ocr_line' id='line_1_10' title="bbox 112 916 1499 984; baseline 0.001 -20"><span class='ocrx_word' id='word_1_79' title='bbox 112 918 359 964; x_wconf 89' lang='lat' dir='ltr'>meruissem</span> <span class='ocrx_word' id='word_1_80' title='bbox 385 928 513 981; x_wconf 83' lang='lat' dir='ltr'>atque</span> <span class='ocrx_word' id='word_1_81' title='bbox 543 917 779 980; x_wconf 80' lang='lat' dir='ltr'>potuissem</span> <span class='ocrx_word' id='word_1_82' title='bbox 796 954 807 973; x_wconf 76' lang='lat'><strong><em>‚</em></strong></span> <span class='ocrx_word' id='word_1_83' title='bbox 836 928 984 981; x_wconf 82' lang='lat' dir='ltr'>coepta</span> <span class='ocrx_word' id='word_1_84' title='bbox 1013 916 1226 963; x_wconf 83' lang='lat' dir='ltr'>differrem</span> <span class='ocrx_word' id='word_1_85' title='bbox 1250 938 1260 972; x_wconf 91' lang='grc'>;</span> <span class='ocrx_word' id='word_1_86' title='bbox 1293 919 1499 984; x_wconf 85' lang='lat' dir='ltr'>quodque</span> 
     </span>
     <span class='ocr_line' id='line_1_11' title="bbox 112 987 1498 1055; baseline 0.002 -21"><span class='ocrx_word' id='word_1_87' title='bbox 112 999 217 1034; x_wconf 89' lang='lat' dir='ltr'>esset</span> <span class='ocrx_word' id='word_1_88' title='bbox 245 988 546 1052; x_wconf 80' lang='lat' dir='ltr'>propositum,</span> <span class='ocrx_word' id='word_1_89' title='bbox 584 987 761 1034; x_wconf 83' lang='lat' dir='ltr'>difficile</span> <span class='ocrx_word' id='word_1_90' title='bbox 791 1005 876 1034; x_wconf 91' lang='lat' dir='ltr'>esse</span> <span class='ocrx_word' id='word_1_91' title='bbox 909 987 964 1033; x_wconf 85' lang='lat' dir='ltr'>ad</span> <span class='ocrx_word' id='word_1_92' title='bbox 994 987 1337 1048; x_wconf 85' lang='lat' dir='ltr'>dignoscendum</span> <span class='ocrx_word' id='word_1_93' title='bbox 1369 1001 1498 1055; x_wconf 82' lang='lat' dir='ltr'>atque</span> 
     </span>
     <span class='ocr_line' id='line_1_12' title="bbox 111 1058 1488 1124; baseline 0.004 -20"><span class='ocrx_word' id='word_1_94' title='bbox 111 1058 299 1105; x_wconf 84' lang='lat' dir='ltr'>arduum</span> <span class='ocrx_word' id='word_1_95' title='bbox 318 1060 558 1106; x_wconf 87' lang='lat' dir='ltr'>confiterer.</span> <span class='ocrx_word' id='word_1_96' title='bbox 585 1059 871 1105; x_wconf 80' lang='lat' dir='ltr'>Recurrerem</span> <span class='ocrx_word' id='word_1_97' title='bbox 887 1060 932 1105; x_wconf 88' lang='lat' dir='ltr'>in</span> <span class='ocrx_word' id='word_1_98' title='bbox 950 1077 1041 1117; x_wconf 82' lang='lat' dir='ltr'>me,</span> <span class='ocrx_word' id='word_1_99' title='bbox 1063 1071 1357 1124; x_wconf 85' lang='lat' dir='ltr'>prosternerer</span> <span class='ocrx_word' id='word_1_100' title='bbox 1378 1063 1488 1120; x_wconf 77' lang='lat' dir='ltr'>Deo,</span> 
     </span>
     <span class='ocr_line' id='line_1_13' title="bbox 111 1129 1495 1199; baseline 0.004 -24"><span class='ocrx_word' id='word_1_101' title='bbox 111 1129 192 1175; x_wconf 83' lang='lat' dir='ltr'>alte</span> <span class='ocrx_word' id='word_1_102' title='bbox 212 1130 535 1190; x_wconf 78' lang='lat' dir='ltr'>ingemiscerem</span> <span class='ocrx_word' id='word_1_103' title='bbox 553 1167 563 1186; x_wconf 85' lang='lat'>‚</span> <span class='ocrx_word' id='word_1_104' title='bbox 589 1147 787 1194; x_wconf 70' lang='lat' dir='ltr'>quaerens</span> <span class='ocrx_word' id='word_1_105' title='bbox 813 1148 866 1177; x_wconf 88' lang='lat' dir='ltr'>ne</span> <span class='ocrx_word' id='word_1_106' title='bbox 884 1148 952 1176; x_wconf 89' lang='lat' dir='ltr'>me</span> <span class='ocrx_word' id='word_1_107' title='bbox 978 1131 1023 1177; x_wconf 90' lang='lat' dir='ltr'>in</span> <span class='ocrx_word' id='word_1_108' title='bbox 1043 1131 1186 1177; x_wconf 85' lang='lat' dir='ltr'>medio</span> <span class='ocrx_word' id='word_1_109' title='bbox 1210 1134 1350 1196; x_wconf 82' lang='lat' dir='ltr'>spatio</span> <span class='ocrx_word' id='word_1_110' title='bbox 1369 1171 1379 1190; x_wconf 75' lang='lat'>‚</span> <span class='ocrx_word' id='word_1_111' title='bbox 1406 1152 1495 1199; x_wconf 84' lang='lat' dir='ltr'>quo</span> 
     </span>
     <span class='ocr_line' id='line_1_14' title="bbox 109 1202 1494 1267; baseline 0.004 -20"><span class='ocrx_word' id='word_1_112' title='bbox 109 1202 235 1248; x_wconf 84' lang='lat' dir='ltr'>certis</span> <span class='ocrx_word' id='word_1_113' title='bbox 255 1202 497 1247; x_wconf 86' lang='lat' dir='ltr'>rationibus</span> <span class='ocrx_word' id='word_1_114' title='bbox 523 1203 836 1265; x_wconf 83' lang='lat' dir='ltr'>promovissem</span> <span class='ocrx_word' id='word_1_115' title='bbox 851 1240 862 1259; x_wconf 83' lang='grc'>,</span> <span class='ocrx_word' id='word_1_116' title='bbox 888 1202 1054 1249; x_wconf 76' lang='lat' dir='ltr'>liaerere</span> <span class='ocrx_word' id='word_1_117' title='bbox 1076 1214 1325 1267; x_wconf 80' lang='lat' dir='ltr'>pateretur3</span> <span class='ocrx_word' id='word_1_118' title='bbox 1350 1223 1403 1251; x_wconf 88' lang='lat' dir='ltr'>ne</span> <span class='ocrx_word' id='word_1_119' title='bbox 1421 1225 1494 1253; x_wconf 90' lang='lat' dir='ltr'>an-</span> 
     </span>
     <span class='ocr_line' id='line_1_15' title="bbox 108 1272 1493 1336; baseline 0.004 -19"><span class='ocrx_word' id='word_1_120' title='bbox 108 1272 234 1336; x_wconf 85' lang='lat' dir='ltr'>cipiti</span> <span class='ocrx_word' id='word_1_121' title='bbox 252 1273 489 1336; x_wconf 82' lang='lat' dir='ltr'>quaestione</span> <span class='ocrx_word' id='word_1_122' title='bbox 506 1290 680 1333; x_wconf 84' lang='lat' dir='ltr'>cogerer</span> <span class='ocrx_word' id='word_1_123' title='bbox 699 1283 772 1319; x_wconf 86' lang='lat' dir='ltr'>aut</span> <span class='ocrx_word' id='word_1_124' title='bbox 786 1273 1076 1333; x_wconf 78' lang='lat' dir='ltr'>intelligibilia</span> <span class='ocrx_word' id='word_1_125' title='bbox 1097 1276 1371 1322; x_wconf 86' lang='lat' dir='ltr'>sensibilibus</span> <span class='ocrx_word' id='word_1_126' title='bbox 1391 1278 1493 1324; x_wconf 84' lang='lat' dir='ltr'>sub-</span> 
     </span>
     <span class='ocr_line' id='line_1_16' title="bbox 107 1343 1491 1407; baseline 0.005 -19"><span class='ocrx_word' id='word_1_127' title='bbox 107 1343 275 1389; x_wconf 80' lang='lat' dir='ltr'>mittere</span> <span class='ocrx_word' id='word_1_128' title='bbox 295 1361 344 1390; x_wconf 83' lang='lat' dir='ltr'>ac</span> <span class='ocrx_word' id='word_1_129' title='bbox 364 1344 574 1401; x_wconf 80' lang='lat' dir='ltr'>subdere,</span> <span class='ocrx_word' id='word_1_130' title='bbox 598 1355 670 1390; x_wconf 86' lang='lat' dir='ltr'>aut</span> <span class='ocrx_word' id='word_1_131' title='bbox 689 1344 837 1407; x_wconf 81' lang='lat' dir='ltr'>ipsum</span> <span class='ocrx_word' id='word_1_132' title='bbox 858 1345 1065 1391; x_wconf 86' lang='lat' dir='ltr'>vitiorum</span> <span class='ocrx_word' id='word_1_133' title='bbox 1084 1345 1225 1392; x_wconf 85' lang='lat' dir='ltr'>dicere</span> <span class='ocrx_word' id='word_1_134' title='bbox 1243 1359 1491 1404; x_wconf 86' lang='lat' dir='ltr'>auctorcm;</span> 
     </span>
     <span class='ocr_line' id='line_1_17' title="bbox 106 1415 1485 1482; baseline 0.004 -22"><span class='ocrx_word' id='word_1_135' title='bbox 106 1431 206 1460; x_wconf 91' lang='lat' dir='ltr'>cum</span> <span class='ocrx_word' id='word_1_136' title='bbox 227 1426 332 1461; x_wconf 87' lang='lat' dir='ltr'>esset</span> <span class='ocrx_word' id='word_1_137' title='bbox 351 1415 566 1461; x_wconf 83' lang='lat' dir='ltr'>utrumvis</span> <span class='ocrx_word' id='word_1_138' title='bbox 590 1416 752 1461; x_wconf 86' lang='lat' dir='ltr'>horum</span> <span class='ocrx_word' id='word_1_139' title='bbox 767 1415 962 1462; x_wconf 83' lang='lat' dir='ltr'>falsitatis</span> <span class='ocrx_word' id='word_1_140' title='bbox 981 1417 1302 1482; x_wconf 78' lang='lat' dir='ltr'>impietatisque</span> <span class='ocrx_word' id='word_1_141' title='bbox 1325 1420 1485 1482; x_wconf 63' lang='lat' dir='ltr'>plenis-¹</span> 
     </span>
     <span class='ocr_line' id='line_1_18' title="bbox 106 1486 1488 1551; baseline 0.003 -19"><span class='ocrx_word' id='word_1_142' title='bbox 106 1486 276 1534; x_wconf 90' lang='lat' dir='ltr'>simum.</span> <span class='ocrx_word' id='word_1_143' title='bbox 302 1487 433 1532; x_wconf 91' lang='lat' dir='ltr'>Nullo</span> <span class='ocrx_word' id='word_1_144' title='bbox 458 1486 588 1532; x_wconf 89' lang='lat' dir='ltr'>modo</span> <span class='ocrx_word' id='word_1_145' title='bbox 608 1503 781 1550; x_wconf 83' lang='lat' dir='ltr'>possem</span> <span class='ocrx_word' id='word_1_146' title='bbox 808 1487 1048 1533; x_wconf 61' lang='lat' dir='ltr'>existimare</span> <span class='ocrx_word' id='word_1_147' title='bbox 1066 1525 1077 1544; x_wconf 87' lang='lat'>‚</span> <span class='ocrx_word' id='word_1_148' title='bbox 1109 1488 1228 1551; x_wconf 87' lang='lat' dir='ltr'>quod</span> <span class='ocrx_word' id='word_1_149' title='bbox 1245 1507 1313 1534; x_wconf 89' lang='lat' dir='ltr'>me</span> <span class='ocrx_word' id='word_1_150' title='bbox 1337 1490 1396 1535; x_wconf 87' lang='lat' dir='ltr'>sic</span> <span class='ocrx_word' id='word_1_151' title='bbox 1421 1490 1488 1536; x_wconf 86' lang='lat' dir='ltr'>af-</span> 
     </span>
     <span class='ocr_line' id='line_1_19' title="bbox 103 1557 1488 1622; baseline 0.002 -18"><span class='ocrx_word' id='word_1_152' title='bbox 103 1558 265 1604; x_wconf 85' lang='lat' dir='ltr'>fectum</span> <span class='ocrx_word' id='word_1_153' title='bbox 288 1558 358 1604; x_wconf 82' lang='lat' dir='ltr'>ille</span> <span class='ocrx_word' id='word_1_154' title='bbox 377 1558 600 1604; x_wconf 85' lang='lat' dir='ltr'>desereret.</span> <span class='ocrx_word' id='word_1_155' title='bbox 642 1557 907 1603; x_wconf 83' lang='lat' dir='ltr'>Admoneret</span> <span class='ocrx_word' id='word_1_156' title='bbox 934 1560 1081 1622; x_wconf 76' lang='lat' dir='ltr'>potius</span> <span class='ocrx_word' id='word_1_157' title='bbox 1107 1560 1193 1605; x_wconf 89' lang='lat' dir='ltr'>suis</span> <span class='ocrx_word' id='word_1_158' title='bbox 1225 1560 1310 1606; x_wconf 86' lang='lat' dir='ltr'>illis</span> <span class='ocrx_word' id='word_1_159' title='bbox 1334 1561 1488 1608; x_wconf 83' lang='lat' dir='ltr'>ineffa-</span> 
     </span>
     <span class='ocr_line' id='line_1_20' title="bbox 103 1628 1489 1694; baseline 0.004 -20"><span class='ocrx_word' id='word_1_160' title='bbox 103 1628 266 1674; x_wconf 86' lang='lat' dir='ltr'>bilibus</span> <span class='ocrx_word' id='word_1_161' title='bbox 287 1629 445 1685; x_wconf 73' lang='lat' dir='ltr'>modis,</span> <span class='ocrx_word' id='word_1_162' title='bbox 468 1639 517 1674; x_wconf 89' lang='lat' dir='ltr'>ut</span> <span class='ocrx_word' id='word_1_163' title='bbox 535 1628 852 1674; x_wconf 82' lang='lat' dir='ltr'>considerarem</span> <span class='ocrx_word' id='word_1_164' title='bbox 874 1630 1001 1675; x_wconf 84' lang='lat' dir='ltr'>etiam</span> <span class='ocrx_word' id='word_1_165' title='bbox 1022 1641 1152 1694; x_wconf 85' lang='lat' dir='ltr'>atque</span> <span class='ocrx_word' id='word_1_166' title='bbox 1172 1632 1318 1687; x_wconf 77' lang='lat' dir='ltr'>ctiam,</span> <span class='ocrx_word' id='word_1_167' title='bbox 1340 1643 1489 1679; x_wconf 85' lang='lat' dir='ltr'>utrum</span> 
     </span>
     <span class='ocr_line' id='line_1_21' title="bbox 103 1698 1488 1763; baseline 0.004 -18"><span class='ocrx_word' id='word_1_168' title='bbox 103 1700 235 1745; x_wconf 82' lang='lat' dir='ltr'>animi</span> <span class='ocrx_word' id='word_1_169' title='bbox 257 1699 361 1745; x_wconf 84' lang='lat' dir='ltr'>vitia</span> <span class='ocrx_word' id='word_1_170' title='bbox 376 1737 387 1756; x_wconf 81' lang='grc'><em>,</em></span> <span class='ocrx_word' id='word_1_171' title='bbox 411 1698 464 1746; x_wconf 85' lang='lat' dir='ltr'>de</span> <span class='ocrx_word' id='word_1_172' title='bbox 488 1699 650 1763; x_wconf 84' lang='lat' dir='ltr'>quibus</span> <span class='ocrx_word' id='word_1_173' title='bbox 672 1710 899 1745; x_wconf 72' lang='lat' dir='ltr'>eestuarem</span> <span class='ocrx_word' id='word_1_174' title='bbox 916 1738 927 1757; x_wconf 82' lang='grc'>,</span> <span class='ocrx_word' id='word_1_175' title='bbox 955 1701 1068 1747; x_wconf 84' lang='lat' dir='ltr'>inter</span> <span class='ocrx_word' id='word_1_176' title='bbox 1087 1702 1379 1762; x_wconf 80' lang='lat' dir='ltr'>intelligibilia</span> <span class='ocrx_word' id='word_1_177' title='bbox 1399 1722 1488 1750; x_wconf 86' lang='lat' dir='ltr'>nu—</span> 
     </span>
     <span class='ocr_line' id='line_1_22' title="bbox 102 1769 1487 1836; baseline 0.004 -20"><span class='ocrx_word' id='word_1_178' title='bbox 102 1771 309 1817; x_wconf 81' lang='lat' dir='ltr'>meranda</span> <span class='ocrx_word' id='word_1_179' title='bbox 334 1781 484 1817; x_wconf 85' lang='lat' dir='ltr'>essent.</span> <span class='ocrx_word' id='word_1_180' title='bbox 516 1769 646 1827; x_wconf 85' lang='lat' dir='ltr'>Quod</span> <span class='ocrx_word' id='word_1_181' title='bbox 673 1781 721 1815; x_wconf 90' lang='lat' dir='ltr'>ut</span> <span class='ocrx_word' id='word_1_182' title='bbox 744 1772 1003 1835; x_wconf 76' lang='lat' dir='ltr'>reperirem,</span> <span class='ocrx_word' id='word_1_183' title='bbox 1035 1783 1217 1836; x_wconf 79' lang='lat' dir='ltr'>propter</span> <span class='ocrx_word' id='word_1_184' title='bbox 1249 1774 1487 1821; x_wconf 83' lang='lat' dir='ltr'>imbecilli-</span> 
     </span>
     <span class='ocr_line' id='line_1_23' title="bbox 104 1841 1488 1907; baseline 0.004 -20"><span class='ocrx_word' id='word_1_185' title='bbox 104 1852 231 1887; x_wconf 82' lang='lat' dir='ltr'>tatem</span> <span class='ocrx_word' id='word_1_186' title='bbox 254 1842 468 1888; x_wconf 88' lang='lat' dir='ltr'>interioris</span> <span class='ocrx_word' id='word_1_187' title='bbox 494 1841 611 1887; x_wconf 91' lang='lat' dir='ltr'>oculi</span> <span class='ocrx_word' id='word_1_188' title='bbox 635 1843 719 1887; x_wconf 90' lang='lat' dir='ltr'>mei</span> <span class='ocrx_word' id='word_1_189' title='bbox 739 1879 749 1895; x_wconf 83' lang='lat'><strong>‚</strong></span> <span class='ocrx_word' id='word_1_190' title='bbox 777 1859 878 1905; x_wconf 77' lang='lat' dir='ltr'>quee</span> <span class='ocrx_word' id='word_1_191' title='bbox 912 1844 1023 1889; x_wconf 87' lang='lat' dir='ltr'>mihi</span> <span class='ocrx_word' id='word_1_192' title='bbox 1052 1844 1243 1907; x_wconf 83' lang='lat' dir='ltr'>peccatis</span> <span class='ocrx_word' id='word_1_193' title='bbox 1266 1846 1370 1891; x_wconf 87' lang='lat' dir='ltr'>meis</span> <span class='ocrx_word' id='word_1_194' title='bbox 1389 1849 1488 1906; x_wconf 88' lang='lat' dir='ltr'>jure</span> 
     </span>
     <span class='ocr_line' id='line_1_24' title="bbox 82 1912 1487 1982; baseline 0.004 -23"><span class='ocrx_word' id='word_1_195' title='bbox 82 1913 324 1960; x_wconf 74' lang='lat' dir='ltr'>accidisset</span> <span class='ocrx_word' id='word_1_196' title='bbox 343 1951 353 1970; x_wconf 87' lang='lat'>‚</span> <span class='ocrx_word' id='word_1_197' title='bbox 384 1912 572 1976; x_wconf 80' lang='lat' dir='ltr'>aliquem</span> <span class='ocrx_word' id='word_1_198' title='bbox 593 1913 704 1958; x_wconf 90' lang='lat' dir='ltr'>mihi</span> <span class='ocrx_word' id='word_1_199' title='bbox 723 1913 776 1959; x_wconf 83' lang='lat' dir='ltr'>ad</span> <span class='ocrx_word' id='word_1_200' title='bbox 795 1914 1030 1960; x_wconf 82' lang='lat' dir='ltr'>invisibilia</span> <span class='ocrx_word' id='word_1_201' title='bbox 1053 1915 1300 1962; x_wconf 86' lang='lat' dir='ltr'>contuenda</span> <span class='ocrx_word' id='word_1_202' title='bbox 1321 1917 1366 1962; x_wconf 87' lang='lat' dir='ltr'>in</span> <span class='ocrx_word' id='word_1_203' title='bbox 1383 1918 1487 1982; x_wconf 80' lang='lat' dir='ltr'>ipsis</span> 
     </span>
     <span class='ocr_line' id='line_1_25' title="bbox 98 1984 1484 2049; baseline 0.004 -18"><span class='ocrx_word' id='word_1_204' title='bbox 98 1984 347 2032; x_wconf 87' lang='lat' dir='ltr'>visibilibus</span> <span class='ocrx_word' id='word_1_205' title='bbox 384 1984 662 2030; x_wconf 77' lang='lat' dir='ltr'>machinarer</span> <span class='ocrx_word' id='word_1_206' title='bbox 700 1984 883 2043; x_wconf 86' lang='lat' dir='ltr'>gradum</span> <span class='ocrx_word' id='word_1_207' title='bbox 925 2003 935 2030; x_wconf 75' lang='grc' dir='ltr'><strong><em>ε</em></strong></span> <span class='ocrx_word' id='word_1_208' title='bbox 978 2003 1164 2049; x_wconf 84' lang='lat' dir='ltr'>quorum</span> <span class='ocrx_word' id='word_1_209' title='bbox 1205 1999 1310 2033; x_wconf 89' lang='lat' dir='ltr'>esset</span> <span class='ocrx_word' id='word_1_210' title='bbox 1358 1990 1484 2036; x_wconf 84' lang='lat' dir='ltr'>nobis</span> 
     </span>
     <span class='ocr_line' id='line_1_26' title="bbox 98 2054 1476 2114; baseline 0.003 -13"><span class='ocrx_word' id='word_1_211' title='bbox 98 2055 220 2101; x_wconf 87' lang='lat' dir='ltr'>nullo</span> <span class='ocrx_word' id='word_1_212' title='bbox 245 2055 376 2100; x_wconf 91' lang='lat' dir='ltr'>modo</span> <span class='ocrx_word' id='word_1_213' title='bbox 407 2055 566 2100; x_wconf 86' lang='lat' dir='ltr'>certior</span> <span class='ocrx_word' id='word_1_214' title='bbox 597 2054 817 2114; x_wconf 80' lang='lat' dir='ltr'>cognitio,</span> <span class='ocrx_word' id='word_1_215' title='bbox 851 2056 922 2101; x_wconf 86' lang='lat' dir='ltr'>sed</span> <span class='ocrx_word' id='word_1_216' title='bbox 962 2057 1231 2103; x_wconf 86' lang='lat' dir='ltr'>consuetudo</span> <span class='ocrx_word' id='word_1_217' title='bbox 1257 2057 1476 2108; x_wconf 87' lang='lat' dir='ltr'>fidentior.</span> 
     </span>
    </p>

    <p class='ocr_par' dir='ltr' id='par_1_3' title="bbox 94 2125 1482 2689">
     <span class='ocr_line' id='line_1_27' title="bbox 99 2125 1482 2193; baseline 0.004 -23"><span class='ocrx_word' id='word_1_218' title='bbox 99 2129 251 2189; x_wconf 84' lang='lat' dir='ltr'>Itaque</span> <span class='ocrx_word' id='word_1_219' title='bbox 277 2126 419 2171; x_wconf 88' lang='lat' dir='ltr'>statim</span> <span class='ocrx_word' id='word_1_220' title='bbox 444 2142 680 2188; x_wconf 80' lang='lat' dir='ltr'>quererem</span> <span class='ocrx_word' id='word_1_221' title='bbox 705 2125 810 2188; x_wconf 81' lang='lat' dir='ltr'>quid</span> <span class='ocrx_word' id='word_1_222' title='bbox 842 2126 897 2171; x_wconf 86' lang='lat' dir='ltr'>ad</span> <span class='ocrx_word' id='word_1_223' title='bbox 926 2144 1097 2173; x_wconf 89' lang='lat' dir='ltr'>sensum</span> <span class='ocrx_word' id='word_1_224' title='bbox 1130 2129 1309 2192; x_wconf 79' lang='lat' dir='ltr'>proprie</span> <span class='ocrx_word' id='word_1_225' title='bbox 1342 2132 1482 2193; x_wconf 86' lang='lat' dir='ltr'>perti-</span> 
     </span>
     <span class='ocr_line' id='line_1_28' title="bbox 98 2196 1482 2264; baseline 0.004 -23"><span class='ocrx_word' id='word_1_226' title='bbox 98 2208 214 2242; x_wconf 87' lang='lat' dir='ltr'>neret</span> <span class='ocrx_word' id='word_1_227' title='bbox 231 2196 494 2242; x_wconf 71' lang='lat' dir='ltr'>oculorum</span> <span class='ocrx_word' id='word_1_228' title='bbox 516 2196 752 2242; x_wconf 81' lang='lat' dir='ltr'>invenirem</span> <span class='ocrx_word' id='word_1_229' title='bbox 771 2197 952 2251; x_wconf 87' lang='lat' dir='ltr'>colores</span> <span class='ocrx_word' id='word_1_230' title='bbox 974 2216 1161 2262; x_wconf 84' lang='lat' dir='ltr'>quorum</span> <span class='ocrx_word' id='word_1_231' title='bbox 1177 2212 1482 2264; x_wconf 67' lang='lat' dir='ltr'>plincipatum</span> 
     </span>
     <span class='ocr_line' id='line_1_29' title="bbox 95 2267 1478 2334; baseline 0.004 -22.009"><span class='ocrx_word' id='word_1_232' title='bbox 95 2267 167 2315; x_wconf 85' lang='lat' dir='ltr'>lux</span> <span class='ocrx_word' id='word_1_233' title='bbox 205 2268 285 2313; x_wconf 85' lang='lat' dir='ltr'>ista</span> <span class='ocrx_word' id='word_1_234' title='bbox 330 2268 558 2314; x_wconf 81' lang='lat' dir='ltr'>obtineret.</span> <span class='ocrx_word' id='word_1_235' title='bbox 593 2267 701 2313; x_wconf 81' lang='lat' dir='ltr'>Haec</span> <span class='ocrx_word' id='word_1_236' title='bbox 731 2268 845 2313; x_wconf 87' lang='lat' dir='ltr'>enim</span> <span class='ocrx_word' id='word_1_237' title='bbox 883 2280 1008 2325; x_wconf 87' lang='lat' dir='ltr'>sunt</span> <span class='ocrx_word' id='word_1_238' title='bbox 1048 2287 1149 2334; x_wconf 64' lang='lat' dir='ltr'>quae</span> <span class='ocrx_word' id='word_1_239' title='bbox 1188 2269 1334 2316; x_wconf 87' lang='lat' dir='ltr'>nullus</span> <span class='ocrx_word' id='word_1_240' title='bbox 1369 2272 1478 2319; x_wconf 79' lang='lat' dir='ltr'>alius</span> 
     </span>
     <span class='ocr_line' id='line_1_30' title="bbox 95 2338 1476 2403; baseline 0.002 -18"><span class='ocrx_word' id='word_1_241' title='bbox 95 2356 240 2385; x_wconf 86' lang='lat' dir='ltr'>sensus</span> <span class='ocrx_word' id='word_1_242' title='bbox 265 2338 435 2399; x_wconf 85' lang='lat' dir='ltr'>attingit</span> <span class='ocrx_word' id='word_1_243' title='bbox 457 2356 467 2383; x_wconf 91' lang='lat'>:</span> <span class='ocrx_word' id='word_1_244' title='bbox 497 2356 598 2383; x_wconf 85' lang='lat' dir='ltr'>nam</span> <span class='ocrx_word' id='word_1_245' title='bbox 618 2349 760 2384; x_wconf 88' lang='lat' dir='ltr'>motus</span> <span class='ocrx_word' id='word_1_246' title='bbox 784 2356 1047 2403; x_wconf 75' lang='lat' dir='ltr'>corporum,</span> <span class='ocrx_word' id='word_1_247' title='bbox 1068 2352 1110 2387; x_wconf 89' lang='lat' dir='ltr'>et</span> <span class='ocrx_word' id='word_1_248' title='bbox 1134 2341 1476 2401; x_wconf 81' lang='lat' dir='ltr'>magnitudines,</span> 
     </span>
     <span class='ocr_line' id='line_1_31' title="bbox 96 2409 1481 2473; baseline 0.003 -18"><span class='ocrx_word' id='word_1_249' title='bbox 96 2420 137 2455; x_wconf 89' lang='lat' dir='ltr'>et</span> <span class='ocrx_word' id='word_1_250' title='bbox 168 2409 417 2464; x_wconf 80' lang='lat' dir='ltr'>intervalla,</span> <span class='ocrx_word' id='word_1_251' title='bbox 453 2422 494 2455; x_wconf 91' lang='lat' dir='ltr'>et</span> <span class='ocrx_word' id='word_1_252' title='bbox 524 2410 709 2470; x_wconf 79' lang='lat' dir='ltr'>figuras,</span> <span class='ocrx_word' id='word_1_253' title='bbox 737 2411 934 2473; x_wconf 74' lang='lat' dir='ltr'>quamvis</span> <span class='ocrx_word' id='word_1_254' title='bbox 959 2422 1001 2457; x_wconf 88' lang='lat' dir='ltr'>et</span> <span class='ocrx_word' id='word_1_255' title='bbox 1026 2412 1187 2469; x_wconf 83' lang='lat' dir='ltr'>oculis,</span> <span class='ocrx_word' id='word_1_256' title='bbox 1223 2430 1310 2458; x_wconf 88' lang='lat' dir='ltr'>non</span> <span class='ocrx_word' id='word_1_257' title='bbox 1336 2423 1481 2460; x_wconf 84' lang='lat' dir='ltr'>tamen</span> 
     </span>
     <span class='ocr_line' id='line_1_32' title="bbox 94 2480 1474 2546; baseline 0.004 -20"><span class='ocrx_word' id='word_1_258' title='bbox 94 2481 296 2545; x_wconf 75' lang='lat' dir='ltr'>proprie,</span> <span class='ocrx_word' id='word_1_259' title='bbox 330 2480 402 2527; x_wconf 87' lang='lat' dir='ltr'>sed</span> <span class='ocrx_word' id='word_1_260' title='bbox 426 2491 546 2527; x_wconf 86' lang='lat' dir='ltr'>tactu</span> <span class='ocrx_word' id='word_1_261' title='bbox 571 2481 699 2527; x_wconf 89' lang='lat' dir='ltr'>etiam</span> <span class='ocrx_word' id='word_1_262' title='bbox 726 2499 850 2546; x_wconf 84' lang='lat' dir='ltr'>posse</span> <span class='ocrx_word' id='word_1_263' title='bbox 883 2484 1045 2531; x_wconf 83' lang='lat' dir='ltr'>sentiri.</span> <span class='ocrx_word' id='word_1_264' title='bbox 1077 2483 1204 2529; x_wconf 90' lang='lat' dir='ltr'>Unde</span> <span class='ocrx_word' id='word_1_265' title='bbox 1227 2484 1474 2545; x_wconf 86' lang='lat' dir='ltr'>colligerem</span> 
     </span>
     <span class='ocr_line' id='line_1_33' title="bbox 96 2553 1474 2619; baseline 0.003 -21"><span class='ocrx_word' id='word_1_266' title='bbox 96 2563 215 2599; x_wconf 86' lang='lat' dir='ltr'>tanto</span> <span class='ocrx_word' id='word_1_267' title='bbox 242 2553 406 2599; x_wconf 60' lang='lat' dir='ltr'>caeteris</span> <span class='ocrx_word' id='word_1_268' title='bbox 442 2553 662 2617; x_wconf 80' lang='lat' dir='ltr'>corporeis</span> <span class='ocrx_word' id='word_1_269' title='bbox 690 2564 732 2600; x_wconf 88' lang='lat' dir='ltr'>ct</span> <span class='ocrx_word' id='word_1_270' title='bbox 756 2555 1035 2601; x_wconf 86' lang='lat' dir='ltr'>sensibilibus</span> <span class='ocrx_word' id='word_1_271' title='bbox 1071 2565 1277 2619; x_wconf 77' lang='lat' dir='ltr'>praestare</span> <span class='ocrx_word' id='word_1_272' title='bbox 1302 2556 1474 2614; x_wconf 77' lang='lat' dir='ltr'>lucem,</span> 
     </span>
     <span class='ocr_line' id='line_1_34' title="bbox 94 2624 1476 2689; baseline 0.003 -19"><span class='ocrx_word' id='word_1_273' title='bbox 94 2635 257 2689; x_wconf 82' lang='lat' dir='ltr'>quanto</span> <span class='ocrx_word' id='word_1_274' title='bbox 275 2624 367 2671; x_wconf 84' lang='lat' dir='ltr'>aliis</span> <span class='ocrx_word' id='word_1_275' title='bbox 385 2624 578 2671; x_wconf 87' lang='lat' dir='ltr'>sensibus</span> <span class='ocrx_word' id='word_1_276' title='bbox 602 2635 799 2689; x_wconf 85' lang='lat' dir='ltr'>aspectus</span> <span class='ocrx_word' id='word_1_277' title='bbox 825 2637 932 2674; x_wconf 83' lang='lat' dir='ltr'>esset</span> <span class='ocrx_word' id='word_1_278' title='bbox 962 2626 1186 2674; x_wconf 86' lang='lat' dir='ltr'>illustrior.</span> <span class='ocrx_word' id='word_1_279' title='bbox 1224 2626 1373 2674; x_wconf 85' lang='lat' dir='ltr'>Electa</span> <span class='ocrx_word' id='word_1_280' title='bbox 1391 2627 1476 2688; x_wconf 84' lang='lat' dir='ltr'>igi-</span> 
     </span>
    </p>
   </div>
  </div>
 </body>
</html>
