1795 3253
271 300 445 334 CONTRA
480 302 681 332 FAus‘rt‘M
716 301 1016 345 MANMJHAEfflt,
1054 306 1141 337 Lm.
1184 308 1282 339 xm.
1359 294 1450 339 365

78 371 223 434 Usque
239 369 344 416 adeo
357 367 469 414 nihil
484 367 753 414 credivoluit
770 367 972 415 adversus
987 372 1286 419 confirmatam
1307 375 1398 419 Scri
1403 393 1455 438 p-

80 452 277 487 turarum
295 438 599 485 auctoritatem
618 475 628 494 ,
656 454 755 502 quae
773 437 904 484 fidem
927 457 1046 485 suam
1069 442 1200 488 rebus
1224 444 1326 506 ipsis
1346 462 1455 508 pro-

79 511 157 557 bat
176 549 186 569 ,
216 527 316 575 quas
333 526 412 573 per
439 519 684 572 temporum
705 509 991 555 successiones
1009 511 1106 558 haec
1130 513 1300 576 impleri
1327 526 1368 560 ct
1391 516 1457 560 cf-

80 582 154 628 fici
177 580 389 635 ostendit,
415 596 514 643 qUae
537 591 656 625 tanto
677 590 908 643 antequam
929 582 1104 637 fierent,
1125 586 1451 646 praenuntiavit.

146 653 222 699 VI.
263 652 413 697 Restat
430 661 477 695 ut
502 652 707 696 rationem
726 667 801 696 vos
821 651 1023 697 exhibere
1040 652 1192 699 dicatis
1212 692 1222 708 ,
1255 665 1341 700 tani
1363 673 1459 701 cer-

82 735 174 769 tam
194 733 235 768 et
260 722 466 768 invictam
482 758 492 776 ,
516 731 565 766 ut
588 738 666 784 per
685 738 726 766 se
746 721 886 785 ipsam
908 721 1125 768 declarata
1145 725 1342 781 veritate,
1365 726 1459 771 nul-

84 794 172 841 lam
202 793 316 839 testis
352 792 681 849 auctoritatem,
718 792 886 838 nullam
914 794 1112 840 miraculi
1142 797 1367 843 veritatem
1392 816 1462 843 re-

86 868 245 932 quirat.
291 866 411 923 Quid
435 865 603 922 dicitis,
632 866 740 930 quid
775 865 1000 930 profertis,
1041 884 1172 930 quam
1213 871 1422 916 rationem
1450 909 1461 928 ,

88 955 220 1001 quam
249 937 474 985 veritatem
495 940 513 982 Ρ
539 936 704 982 Fabula
726 937 801 983 illa
823 947 885 982 est
907 936 1037 997 longa
1060 949 1102 983 et
1125 956 1235 985 vana
1256 978 1266 997 ,
1300 942 1466 1004 puerile

88 1008 352 1065 ludibrium,
372 1019 414 1053 et
432 1007 644 1053 muliebre
657 1012 955 1068 jocamentum
974 1046 984 1065 ,
1006 1019 1048 1054 et
1069 1010 1288 1056 aniculare
1306 1011 1467 1058 delira-

89 1090 285 1125 mentum
303 1116 314 1135 ,
344 1079 570 1124 continens
590 1078 761 1123 initium
792 1089 997 1124 truncum
1013 1117 1024 1136 ,
1047 1090 1088 1124 et
1108 1081 1298 1126 inedium
1318 1083 1468 1145 putri—

91 1150 197 1196 dum
213 1187 225 1206 ,
247 1159 289 1195 et
308 1149 437 1194 finem
464 1149 704 1196 ruinosum.
734 1149 846 1194 Cum
870 1149 984 1194 enim
1004 1150 1128 1196 vobis
1148 1169 1195 1197 ex
1225 1156 1315 1212 ejus
1344 1153 1466 1198 initio

93 1219 262 1265 dictum
283 1218 414 1264 fuerit
430 1236 440 1263 ι
459 1218 702 1263 Immortali
718 1256 728 1274 ,
748 1218 957 1265 invisibili
978 1257 988 1276 ,
1009 1220 1335 1285 incorruptibili
1356 1224 1464 1275 Deo,

94 1289 202 1353 quid
224 1288 393 1335 factura
421 1299 511 1334 crat
531 1305 632 1348 gens
667 1288 942 1334 tenebrarum
962 1327 973 1346 ,
1011 1290 1043 1335 si
1080 1308 1179 1336 cum
1205 1310 1251 1337 ea
1274 1310 1468 1355 pugnare

93 1359 330 1406 noluisset?
349 1361 404 1404 Et
419 1359 473 1404 de
492 1358 636 1404 medio
655 1363 746 1419 ejus
766 1376 776 1403 ε
797 1359 1030 1415 Quomodo
1048 1372 1107 1405 est
1124 1361 1473 1425 incorruptibilis

95 1441 138 1477 et
159 1430 558 1477 incontaminabilis
577 1432 692 1475 Deus
707 1468 716 1486 ‚
738 1433 863 1489 cujus
882 1431 1076 1476 membra
1099 1432 1143 1477 in
1162 1433 1302 1495 pomis
1326 1444 1366 1478 ct
1389 1434 1472 1479 ole-

95 1501 218 1547 ribus
253 1500 563 1546 manducando
589 1511 630 1545 et
656 1500 890 1560 digerendo
916 1501 1137 1547 conteritis
1165 1513 1212 1547 ut
1244 1504 1433 1565 purgetis
1454 1507 1472 1549 ἓ)

98 1573 156 1618 Et
180 1571 233 1617 de
253 1572 339 1617 fine
361 1575 451 1634 ejus
479 1589 489 1616 ε
519 1571 640 1629 Quid
666 1571 770 1616 fecit
794 1571 937 1616 anima
972 1573 1125 1616 misera
1147 1609 1158 1628 ,
1195 1584 1243 1618 ut
1275 1574 1320 1618 in
1345 1573 1474 1633 globo

100 1642 375 1688 tenebrarum
416 1652 630 1705 perpetuo
666 1640 844 1686 vinculo
883 1641 1120 1704 puniatur,
1149 1659 1248 1707 quae
1280 1660 1367 1688 non
1400 1661 1476 1689 suo

100 1714 207 1760 vitio
229 1750 240 1770 ,
272 1712 345 1758 sed
369 1711 507 1758 alieno
531 1711 748 1758 maculata
769 1749 780 1768 ,
812 1713 903 1757 Deo
928 1729 1004 1758 suo
1028 1712 1254 1759 deficiente
1276 1715 1480 1760 inundari

102 1801 190 1830 non
206 1783 368 1846 potuit,
391 1800 478 1846 quo
493 1783 688 1828 mittente
707 1782 877 1845 polluta
891 1786 980 1828 est?
1000 1784 1316 1830 Haesitantibus
1334 1786 1477 1843 vobiS,

103 1865 144 1901 et
165 1854 272 1918 quid
284 1853 578 1917 respondeatis
590 1871 679 1898 non
700 1853 1039 1908 invenientibus,
1063 1865 1369 1917 conspuuntur
1388 1866 1477 1901 tam

103 1926 233 1972 multi
263 1936 305 1971 et
326 1936 413 1970 tam
437 1924 618 1984 grandes
644 1935 685 1969 et
712 1934 797 1968 tam
822 1924 1001 1986 pretiosi
1035 1924 1207 1970 codices
1244 1927 1372 1972 vestri
1398 1947 1409 1980 3
1438 1939 1479 1973 et

107 1995 297 2042 multum
320 1994 522 2041 dolentur
549 1995 721 2040 labores
743 1995 1113 2057 antiquariorum,
1141 2006 1181 2041 et
1208 1997 1377 2043 saccelli
1400 1999 1483 2043 mi-

109 2083 302 2112 serorum
321 2103 332 2123 ‚
363 2075 405 2111 et
426 2065 552 2129 panis
584 2064 881 2127 deceptorum.
916 2064 961 2109 Si
984 2082 1084 2125 crgo
1120 2083 1199 2111 nec
1230 2068 1486 2131 Scriptura-

110 2153 210 2182 rum
234 2135 504 2181 auctoritatis
527 2134 762 2198 antiquitas
781 2171 791 2191 ,
816 2151 896 2180 nec
924 2135 1235 2181 miraculorum
1258 2148 1446 2200 potestas
1471 2177 1481 2195 ,

111 2224 192 2253 nec
216 2223 389 2253 morum
409 2206 568 2252 sanitas
581 2242 592 2262 ,
608 2223 687 2251 nec
706 2205 883 2251 rationis
894 2206 1068 2263 veritas,
1084 2224 1160 2252 vos
1179 2209 1348 2262 asserit3
1371 2210 1488 2255 abite

115 2277 283 2324 confusi
300 2314 312 2334 ‚
332 2288 376 2323 et
396 2277 532 2323 redite
549 2276 755 2333 confessi,
776 2277 921 2340 ipsum
941 2294 1026 2322 esse
1047 2277 1273 2323 Christum
1292 2280 1487 2325 omnium

114 2349 161 2396 in
186 2366 228 2394 se
250 2348 521 2394 credentium
546 2347 811 2394 Salvatorem
838 2365 849 2392 z
876 2351 1001 2408 cujus
1019 2365 1178 2395 nomen
1193 2360 1234 2394 et
1252 2354 1376 2410 cujus
1400 2351 1489 2396 Ec-

117 2418 289 2465 clesiam
318 2419 377 2464 ita
396 2418 602 2465 exhibent
619 2417 846 2482 praesentia
871 2428 1068 2482 tempora
1089 2456 1100 2476 ,
1130 2419 1242 2465 sicut
1269 2421 1491 2483 praeterita

118 2489 378 2536 nuntiarunt
393 2509 405 2544 ς
420 2507 508 2535 non
521 2507 600 2554 per
610 2488 850 2553 quemlibet
867 2487 921 2534 de
940 2489 1181 2537 cavernosis
1198 2488 1375 2536 latebris
1389 2509 1492 2555 pro-

121 2559 366 2618 cedentem,
393 2560 467 2607 sed
490 2559 682 2624 quadam
705 2570 828 2620 gente
844 2596 855 2617 ,
883 2569 925 2605 et
941 2560 1136 2624 quodam
1158 2577 1289 2621 regno
1323 2561 1377 2607 ad
1408 2562 1495 2608 hoc

121 2642 363 2696 propagato
389 2642 431 2679 et
448 2632 678 2692 instituto,
708 2643 756 2680 ut
777 2631 840 2679 ibi
860 2631 913 2679 de
938 2631 1013 2679 illo
1034 2641 1195 2680 cuncta
1213 2631 1360 2694 figuris
1380 2649 1494 2697 prae-
