1795 3253
223 331 397 365 cournA
433 328 636 363 rAusruu
673 327 973 373 MANuureuM,
1013 331 1100 365 tux
1141 334 1268 368 xV1u.
1344 319 1437 376 465

67 518 609 533 mmmffmsnssstttssssss
617 517 672 529 uzu
680 515 904 528 ”snm-13⁸1
917 525 919 527 .
932 518 1007 529 §sss
1017 520 1050 529 ιι
1059 519 1115 529 δικ

587 649 767 695 LIBER
804 649 970 696 XVIII.

138 802 172 848 Ι.
210 801 392 846 Faustus
411 798 518 845 dixit
538 817 549 844 ι
571 800 704 845 «Non
719 800 816 846 veni
830 802 987 859 Legem
1013 801 1194 857 solvere,
1218 802 1290 847 sed
1313 803 1456 849 adim—

71 871 204 936 plere.
228 868 313 916 Sed
329 870 444 916 enim
463 871 550 916 hoc
567 908 577 927 ,
602 871 684 916 nisi
702 870 820 916 aliud
836 870 947 916 forte
966 872 1182 931 significat
1198 910 1208 929 ‚
1233 891 1255 918 a
1283 874 1459 919 Christo

74 942 244 988 dictum
262 940 436 987 credere
454 978 465 996 ‚
492 958 580 986 non
614 941 757 987 minus
790 942 875 987 tibi
913 943 1183 988 contrarium
1211 944 1318 989 scias
1342 962 1427 990 esse
1449 983 1459 1001 ,

73 1029 206 1078 quam
241 1012 367 1058 mihi.
398 1012 593 1076 Uterque
628 1012 740 1057 euim
778 1023 980 1060 nostrum
1020 1013 1100 1058 sul)
1137 1014 1223 1059 liae
1256 1015 1463 1078 opinione

76 1082 352 1128 Christianus
374 1092 436 1127 est
450 1119 461 1138 ,
484 1083 587 1146 quia
611 1082 839 1128 Christum
860 1083 904 1128 in
923 1082 1260 1130 destructionem
1277 1086 1401 1145 Legis
1420 1102 1468 1131 ac

75 1153 402 1216 Prophetarum
427 1153 593 1199 Venisse
616 1153 890 1216 putavimus.
920 1153 1058 1210 Quod
1085 1155 1116 1199 si
1143 1166 1188 1200 tu
1225 1156 1360 1201 verlio
1399 1156 1469 1201 in-

76 1223 202 1269 terim
232 1222 356 1268 fateri
381 1239 470 1268 non
494 1222 586 1279 vis,
617 1234 810 1268 attamen
834 1223 879 1269 id
908 1225 1114 1287 operibus
1146 1226 1326 1273 indicas,
1363 1226 1471 1272 Inde

77 1294 192 1341 enim
217 1305 304 1349 est,
334 1294 452 1357 quod
474 1295 599 1354 Legis
625 1312 674 1339 ac
702 1294 1023 1358 Prophetarum
1054 1309 1278 1360 praecepta
1303 1308 1344 1343 et
1380 1298 1471 1361 ipse

79 1365 321 1412 contemnis
350 1383 360 1410 ε
391 1365 492 1411 inde
517 1366 635 1429 quod
657 1368 828 1412 {N'ovum
854 1367 1180 1414 Testamentum
1203 1370 1349 1415 Jesum
1370 1387 1471 1415 con-

79 1436 238 1482 didisse
267 1437 440 1500 utrique
459 1436 647 1482 fatemur
675 1455 684 1482 :
709 1455 796 1501 quo
820 1438 925 1502 quid
956 1439 1074 1485 aliud
1095 1478 1105 1495 ,
1129 1457 1258 1503 quam
1278 1440 1470 1486 destruc-

80 1507 241 1553 tionem
265 1505 454 1553 fatemur
484 1507 647 1553 Veteris
672 1508 969 1555 Testamenti?
1000 1510 1111 1566 Quae
1136 1528 1235 1555 cum
1262 1511 1320 1556 ita
1354 1511 1466 1560 sint,

80 1577 304 1643 quomodo
324 1578 549 1624 Christum
578 1579 687 1625 illud
709 1579 861 1625 dixisse
879 1580 1096 1626 credimus
1121 1617 1130 1627 .
1160 1582 1241 1625 nisi
1265 1592 1471 1626 antenos-

81 1649 288 1712 metipsos
304 1647 560 1694 damnemus
581 1649 724 1694 stultee
741 1650 782 1693 in
803 1651 1072 1711 prfeteritum
1095 1650 1337 1712 opinionis..
1359 1662 1400 1696 et
1416 1651 1469 1695 ad

82 1718 408 1784 poenitudinem
445 1737 720 1766 recurramus
737 1757 747 1776 ‚
786 1720 1166 1783 obsequamurque
1190 1721 1293 1781 Legi
1318 1721 1371 1766 de
1398 1722 1470 1767 in—

83 1802 204 1851 tegro
223 1807 272 1836 ac
297 1790 553 1854 Prophetis,
588 1801 717 1855 atque
740 1807 890 1836 eorum
914 1808 1114 1837 curemus
1132 1791 1470 1855 qualiacumque

85 1862 170 1906 sint
194 1861 421 1908 observare
446 1861 681 1907 mandata?
709 1860 841 1918 Quod
867 1878 966 1907 cum
988 1861 1215 1907 fecerimus
1230 1899 1240 1917 ‚
1269 1872 1373 1907 tunc
1388 1862 1470 1907 de»

85 1932 218 1996 nique
240 1949 336 1978 vere
351 1932 663 1979 crediderimus
684 1932 835 1978 dixisse
856 1933 1003 1977 Jesum
1026 1971 1036 1989 ,
1064 1933 1165 1996 quia
1193 1949 1280 1977 non
1306 1933 1469 1978 venerit

86 2003 244 2062 Legem
269 2001 431 2047 solvere
449 2039 460 2057 ,
490 2002 563 2047 sed
585 2002 835 2065 adimplere.
864 2004 995 2047 'Nunc
1021 2014 1165 2048 autem
1190 2002 1345 2048 falsum
1369 2013 1425 2047 est
1454 2041 1465 2054 ,

87 2072 188 2137 quia
218 2089 297 2118 nec
325 2082 370 2118 tu
393 2071 440 2118 id
459 2072 624 2126 credis3
653 2072 705 2117 de
730 2089 817 2135 quo
841 2089 908 2117 me
933 2072 1072 2118 solum
1096 2074 1279 2120 incusas.

156 2143 216 2189 II.
259 2141 347 2188 Sed
364 2153 452 2188 esto
470 2180 481 2198 ‚
500 2142 672 2188 licuerit
685 2143 729 2188 in
744 2143 1016 2205 praeteritum
1031 2160 1202 2189 errasse.
1215 2143 1333 2199 Quid
1352 2160 1469 2188 nunc

90 2212 266 2259 tandem
285 2250 296 2269 ,
327 2212 556 2276 placet-ne
581 2215 641 2259 ire
665 2214 746 2259 sul)
769 2215 924 2273 Legem
939 2251 949 2269 ,
982 2214 1013 2258 si
1039 2231 1133 2258 eam
1159 2213 1361 2259 Christus
1383 2230 1468 2258 non

85 2286 180 2344 jam
206 2283 335 2329 solvit
355 2321 366 2340 ‚
395 2284 469 2330 sed
495 2284 782 2348 adimplevit?
804 2284 953 2329 Placet
973 2284 1231 2330 circumcidi
1252 2321 1263 2340 ,
1299 2284 1343 2329 id
1376 2296 1436 2329 est
1455 2322 1465 2339 ‚

91 2355 312 2419 pudendis
329 2356 532 2416 insignire
554 2356 788 2421 pude11da3
817 2367 857 2402 et
876 2357 1017 2402 Deum
1035 2356 1208 2402 credere
1231 2372 1470 2401 sacramen-

93 2427 148 2471 tis
172 2426 334 2472 talibus
356 2426 590 2473 delectari?
610 2427 752 2474 Placet
773 2427 989 2490 suscipere
1010 2427 1296 2472 sabbatorum
1311 2426 1467 2481 otium,

95 2508 138 2544 et
163 2497 430 2544 saturniacis
452 2516 607 2545 manus
630 2499 835 2544 insertare
863 2499 1052 2545 catenis?
1082 2498 1230 2544 Placet
1250 2496 1305 2542 ad
1325 2496 1472 2557 inglu-

95 2568 210 2616 viem
229 2568 253 2612 J
260 2567 487 2616 udaeorum
512 2569 723 2618 daemonis
755 2569 921 2634 (neque
944 2569 1057 2615 enim
1078 2568 1208 2631 Dei),
1231 2584 1353 2614 nunc
1372 2577 1473 2613 tau-

148 2668 294 2701 ¹Mauh.
317 2681 348 2708 v,
368 2682 421 2710 ¹7·

230 2739 388 2771 cxxxv.
1290 2722 1349 2769 30
