1795 3253
273 294 446 323 coN'slm
485 293 682 325 rAusruM
716 294 1018 336 MANtutissimi9
1058 297 1139 326 tie.
1184 298 1272 327 xtv.
1382 283 1474 346 389

112 358 248 405 tolum
264 376 353 404 non
373 359 507 404 sinere
533 360 651 406 aliud
677 359 913 419 intelligere
929 398 939 416 ‚
961 378 1091 424 quam
1117 363 1169 407 de
1189 362 1364 408 Christo
1388 382 1474 411 esse

109 428 386 492 praedictum.
414 429 498 475 Sed
523 430 614 475 talis
643 430 858 493 imperitia
883 430 1189 477 nonnullorum
1218 433 1476 479 Catholico-

108 516 227 555 rum,
248 499 419 545 venatio
440 501 786 546 Manichaeorum
807 510 881 546 est.
908 501 1033 546 Tales
1051 502 1163 547 enim
1184 502 1320 547 solent
1342 503 1475 549 insec-

107 570 211 624 tari,
230 569 334 614 tales
357 570 442 614 suis
458 570 639 616 fallaciis
657 572 821 616 irretire
844 588 854 615 :
881 570 983 616 tales
1002 572 1047 616 in
1073 589 1143 617 eos
1162 572 1472 628 cecideramus,

106 639 210 685 tales
236 639 525 695 haeseramus3
553 641 655 687 tales
671 679 682 698 ‚
701 658 790 686 non
813 641 981 687 viribus
1007 643 1185 699 nostris,
1208 642 1281 688 sed
1301 643 1379 687 Dei
1398 645 1478 689 mi-

103 710 333 756 sericordia
351 711 461 756 eruti
480 728 640 759 sumus,

167 782 244 826 IX.
288 782 399 836 Quae
423 792 565 826 autem
584 782 733 829 divina
755 786 926 844 Moyses
950 782 1184 839 lacessivit,
1209 782 1320 827 sicut
1340 785 1476 828 Faus-

102 862 170 896 tus
201 850 458 895 criminatur
492 850 640 897 dicens
673 869 684 897 :
719 852 839 914 quod
869 873 888 892 c<
912 852 1217 897 Humanorum
1244 852 1353 897 nulli
1390 869 1476 897 un-

99 937 228 984 quam
252 919 587 984 divinorumque
606 921 878 984 pepercerit?
898 943 918 962 »
959 922 1077 966 Dixit
1096 922 1234 976 enim,
1265 933 1306 966 et
1337 921 1473 966 abiit:

99 989 211 1034 nihil
226 989 377 1048 sategit
397 990 609 1052 probare,
633 990 745 1036 nihil
766 991 935 1036 curavit
959 990 1192 1037 ostendere.
1225 990 1312 1035 Nos
1335 1001 1477 1035 autem

98 1058 256 1104 scimus
286 1060 465 1120 Moysen
485 1060 631 1104 onmia
664 1077 762 1106 vere
797 1055 942 1106 divina
974 1061 1047 1123 pie
1069 1060 1290 1115 laudasse,
1331 1070 1372 1104 et
1398 1077 1479 1123 pro

97 1128 163 1173 sui
196 1129 400 1191 temporis
423 1129 705 1188 congruentia
741 1146 915 1192 suaeque
949 1128 1278 1193 dispensationis
1313 1130 1475 1187 gratia,

91 1202 206 1257 juste
223 1198 415 1244 humana
444 1200 607 1246 rexisse.
640 1200 824 1259 Exigant
853 1201 920 1245 isti
945 1211 993 1246 ut
1020 1201 1106 1246 hoc
1133 1200 1311 1246 doceam
1333 1236 1343 1252 ,
1375 1215 1477 1245 cum

95 1278 137 1313 et
158 1269 242 1331 ipsi
260 1269 416 1314 docere
435 1270 580 1314 conati
599 1270 761 1314 fuerint
776 1307 786 1326 ,
808 1270 928 1332 quod
949 1272 1130 1316 Faustus
1150 1269 1328 1328 objIcit‚
1352 1278 1477 1314 caute

95 1338 269 1401 quidem
291 1376 302 1393 ‚
326 1349 374 1383 ut
397 1349 487 1384 erat
515 1350 668 1384 acutus
688 1376 697 1395 ,
731 1339 803 1384 sed
825 1340 883 1384 ob
906 1340 992 1384 hoc
1016 1340 1241 1394 incautus,
1271 1339 1373 1401 quia
1398 1355 1475 1384 suo

95 1409 295 1454 acumine
320 1426 361 1454 se
383 1409 641 1472 perimebat.
670 1410 783 1455 Felix
803 1410 917 1454 enim
936 1427 1012 1454 cor
1035 1421 1211 1455 acutum
1239 1409 1292 1453 ad
1313 1408 1475 1454 verita-

95 1489 177 1523 tem
192 1515 203 1533 ,
230 1477 375 1523 infelix
394 1489 544 1524 contra
567 1479 806 1525 veritatem.
833 1480 931 1524 Non
949 1478 1082 1534 dixit,
1112 1479 1341 1524 hominum
1366 1477 1475 1523 nulli

94 1565 290 1613 unquam
327 1549 595 1612 deorumque
626 1550 896 1612 pepercerit,
932 1548 1004 1593 sed
1031 1566 1042 1593 z
1084 1570 1105 1589 «
1138 1550 1470 1603 Humanomm,

91 1619 259 1681 inquit,
301 1630 344 1664 et
380 1619 646 1664 divinorum.
681 1640 701 1660 ))
737 1618 783 1663 Si
812 1618 926 1662 enim
952 1617 1115 1663 diceret
1134 1634 1233 1662 eum
1265 1617 1355 1661 Deo
1386 1633 1475 1661 non

89 1688 332 1751 pepercisse
346 1725 356 1744 ‚
376 1687 502 1733 facile
519 1687 852 1733 convinceretur
870 1686 989 1733 falsae
1007 1686 1320 1732 criminationis
1337 1705 1348 1738 3
1371 1699 1473 1730 cum

93 1759 260 1820 Moyses
281 1757 548 1803 inveniretur
572 1757 735 1819 ubique
755 1756 971 1801 honorare
998 1773 1046 1800 ac
1070 1754 1313 1818 praedicare
1333 1755 1473 1799 Deum

90 1845 268 1883 verum,
306 1828 383 1891 qui
413 1828 516 1873 fecit
549 1826 711 1872 coelum
745 1837 786 1871 et
821 1837 992 1871 terram.
1030 1825 1073 1869 Si
1107 1836 1247 1870 autem
1280 1824 1467 1879 diecret,

89 1898 200 1943 nulli
238 1898 418 1943 deorum
453 1897 722 1960 pepercisse,
762 1895 966 1958 proderet
1001 1911 1042 1939 se
1086 1893 1345 1938 Christianis
1377 1893 1472 1938 illos

90 1968 191 2014 deos
212 1969 350 2013 colere
367 2004 377 2020 ,
410 1986 432 2012 a
451 1967 613 2029 quibus
630 1965 864 2010 adorandis
882 1967 1051 2027 Moyses
1074 1964 1284 2027 prohibet
1309 1980 1319 2007 z
1342 1973 1471 2026 atque

88 2039 146 2085 ita
177 2038 258 2083 sub
280 2037 366 2083 alas
386 2036 629 2083 Catholicae
651 2036 799 2081 matris
819 2035 952 2098 pullis
975 2034 1243 2093 fugientibus
1266 2050 1354 2078 non
1372 2049 1471 2077 con-

89 2118 282 2169 gregaret
302 2124 402 2170 quae
426 2124 514 2151 non
538 2106 723 2169 [peperit.
754 2106 812 2150 Ut
829 2121 929 2164 ergo
949 2103 1127 2149 insidias
1146 2102 1340 2147 tenderet
1362 2119 1470 2164 par·-

88 2178 199 2224 vulis
215 2214 226 2233 ‚
263 2176 371 2222 dixit
413 2176 661 2221 divinorum
698 2175 807 2220 nulli
853 2174 1093 2238 pepercisse
1136 2174 1340 2234 Moysen,
1381 2187 1469 2233 quo

87 2257 263 2312 possent
285 2263 425 2309 neque
452 2245 692 2290 Christiani
711 2254 858 2307 aperto
877 2243 1058 2288 deorum
1087 2241 1209 2287 cultu
1230 2241 1375 2299 fugere
1389 2240 1468 2285 im-

87 2318 289 2381 pietatem
311 2316 492 2362 istorum
523 2315 652 2359 nimis
694 2314 1001 2358 abhorrentem
1034 2330 1054 2357 a
1085 2310 1290 2370 religione
1324 2308 1469 2353 chris-

91 2387 206 2432 tiana
223 2423 234 2442 ‚
264 2397 305 2431 et
326 2385 487 2445 Pagani
528 2385 585 2429 eis
609 2383 751 2429 favere
788 2383 1016 2428 adversum
1049 2398 1152 2434 nos,
1188 2378 1264 2441 qui
1291 2379 1469 2440 Moysen

87 2456 244 2501 scirent
277 2465 427 2500 contra
470 2453 586 2499 idola
620 2463 662 2498 et
687 2463 837 2498 contra
871 2451 971 2497 deos
1002 2450 1221 2510 gentium,
1248 2462 1349 2509 quae
1367 2455 1468 2490 sunt

87 2525 303 2571 daemonia
319 2562 330 2581 ‚
354 2523 490 2570 multa
508 2540 608 2569 vera
629 2533 670 2568 et
694 2522 824 2582 digna
844 2520 1009 2567 dixisse.

152 2600 207 2644 X.
248 2597 378 2656 Quod
402 2596 436 2643 si
459 2596 548 2643 istis
575 2595 803 2659 displicet3
835 2605 981 2657 aperte
1012 2610 1053 2638 se
1077 2591 1291 2636 fateantur
1318 2586 1464 2634 idolo-
