1795 3253
351 261 443 316 4813
773 277 807 306 s.
852 276 1095 307 Auers'rixi
1134 274 1338 305 r21>1scor1

346 350 469 394 saeta
504 341 810 395 annuntiatum
837 342 1194 407 quamloquideni
1230 342 1322 404 ipsa
1347 342 1495 398 verba,
1532 341 1730 388 futurum

346 424 387 460 et
411 413 594 468 sactum,
623 430 823 475 passurus
847 426 886 459 et
906 431 1071 478 passus.
1091 423 1407 458 resurrecturus
1425 423 1467 457 et
1485 414 1726 469 resurrexit,

343 502 421 529 nec
450 483 567 529 tendi
588 483 829 547 aequaliter,
850 503 928 531 nee
939 485 1133 530 similiter
1151 501 1300 529 sonare
1320 487 1586 547 potuerunt?
1607 484 1732 541 Quid

342 557 458 602 enirn
483 567 583 601 sunt
601 556 718 601 aliud
740 574 922 620 quaeque
941 556 1185 619 corporalia
1198 566 1488 612 sacramenta,
1508 556 1588 601 nisi
1611 573 1731 619 quae-

343 627 445 673 dam
468 627 589 691 quasi
617 628 750 673 verba
770 627 974 680 visibilia,
1016 636 1285 673 sacrosancta
1313 626 1490 690 quidem
1512 664 1522 682 ‚
1554 644 1731 672 veruin-

343 708 488 743 tamen
524 698 751 743 mutabilia
774 709 814 744 et
833 697 1116 762 temporalia?
1146 698 1258 742 Deus
1281 697 1392 742 enim
1418 707 1606 742 aeternus
1634 707 1699 742 est
1717 734 1728 753 ,

343 786 425 815 nee
441 780 585 814 tamen
609 786 721 832 aqua
739 779 780 814 et
807 769 950 814 omnis
968 769 1038 814 illa
1057 768 1168 813 aetio
1193 763 1448 831 corporalis,
1466 784 1566 830 quae
1591 767 1734 827 agitur

345 858 447 887 cuin
468 841 745 904 baptizamus
774 852 815 887 et
841 842 907 893 fit,
941 852 981 885 et
1008 840 1179 895 transit,
1202 850 1361 885 aeterna
1378 850 1464 884 est:
1489 838 1566 884 ubi
1585 855 1733 884 rursus

348 913 479 958 etiam
506 912 590 958 illa*
617 912 797 975 syllaba*
818 913 1010 958 celeriter
1031 921 1227 957 sonantes
1251 921 1292 956 et
1323 921 1605 966 transcuntes,
1633 927 1733 956 cum

347 984 510 1030 dicitur
536 984 669 1031 Deus.
693 984 772 1029 nisi
803 984 1023 1032 dieantur,
1057 1000 1141 1029 non
1177 991 1467 1028 consecratur.
1510 982 1618 1026 Hcec
1637 998 1734 1026 om-

342 1055 414 1100 nia
443 1056 554 1100 fiunt
589 1065 630 1100 et
656 1065 903 1111 transeunt,
950 1064 1102 1100 sonant
1127 1065 1168 1099 et
1204 1063 1459 1099 transeunt:
1491 1052 1628 1097 virtus
1664 1063 1733 1098 ta-

345 1142 462 1179 men,
488 1141 589 1188 quae
614 1142 692 1188 per
710 1125 788 1170 ista
810 1136 1033 1189 operatur,
1057 1124 1222 1184 jugiter
1239 1133 1382 1168 manet
1398 1133 1438 1167 et
1459 1122 1623 1168 donum
1639 1123 1733 1186 spi-

348 1196 492 1251 ritale,
516 1195 633 1259 quod
655 1213 734 1259 per
757 1197 835 1242 ista
857 1197 1120 1251 insinuatur,
1158 1206 1367 1241 reternum
1398 1205 1473 1240 est.
1515 1194 1603 1250 Qui
1635 1211 1734 1254 ergo

347 1266 480 1312 dicit:
511 1267 554 1311 Si
587 1267 789 1312 Christus
808 1269 964 1327 Legem
986 1278 1026 1311 et
1041 1267 1286 1330 Prophetas
1307 1282 1395 1310 non
1428 1264 1638 1321 solvisset,
1661 1265 1731 1310 illa

351 1348 619 1383 sacramenta
636 1338 761 1397 Legis
778 1348 819 1383 et
843 1337 1167 1400 Prophetarum
1191 1337 1235 1382 in
1259 1335 1609 1381 Christianorum
1626 1353 1735 1381 eon-

348 1409 671 1470 gregationibus
702 1420 743 1454 et
767 1408 1134 1455 celebrationibus
1154 1417 1484 1471 permanerent,
1508 1417 1652 1470 potest
1669 1406 1734 1452 di-

351 1497 469 1526 cere:
489 1479 534 1524 Si
550 1479 753 1525 Christus
773 1482 927 1539 Legem
944 1490 984 1525 et
1000 1478 1241 1542 Prophetas
1262 1495 1349 1522 non
1361 1476 1567 1532 solvisset,
1587 1476 1735 1523 adhue

349 1551 679 1614 promitteretur
723 1550 968 1596 nasciturus
984 1587 994 1606 ,
1032 1566 1235 1613 passurus
1254 1586 1264 1604 ‚
1305 1558 1346 1592 ct
1382 1558 1699 1594 resurrecturus
1720 1566 1730 1593 :

351 1638 452 1667 eum
472 1620 569 1666 idco
595 1621 729 1680 magis
751 1620 850 1666 haee
874 1638 962 1665 non
974 1619 1165 1675 solverit,
1193 1618 1266 1664 sed
1285 1616 1607 1681 adimpleverit,
1630 1619 1734 1682 quia

343 1695 435 1753 jain
461 1709 547 1737 non
570 1691 842 1755 promittitur
859 1691 1120 1745 nasciturus,
1141 1705 1363 1753 passurus,
1394 1698 1730 1745 resurrecturus,

350 1761 471 1827 quod
499 1761 571 1807 illa
597 1773 864 1807 sacramenta
883 1760 1105 1824 quondam
1118 1759 1440 1824 personabant3
1458 1758 1532 1803 sed
1558 1776 1735 1805 annun-

350 1834 483 1878 tiatur
505 1831 624 1896 quod
645 1843 772 1878 natus
794 1832 866 1884 sit,
889 1849 1037 1895 passus
1069 1831 1148 1887 sit,
1177 1830 1467 1885 resurrexerit,
1490 1830 1611 1893 quod
1637 1830 1734 1876 haee

352 1914 618 1949 sacramenta
655 1920 755 1967 quae
777 1921 799 1948 a
827 1902 1085 1948 Christianis
1119 1911 1323 1961 aguntur,
1355 1905 1448 1959 jam
1479 1912 1728 1963 personant.

356 1975 444 2031 Qui
468 1991 568 2035 ergo
588 1975 708 2020 venit
744 1976 899 2034 Legem
924 1984 965 2019 et
984 1972 1228 2037 Prophetas
1248 1988 1335 2016 non
1355 1970 1535 2026 solvere,
1558 1971 1629 2016 sed
1653 1971 1735 2017 ad—

353 2045 535 2109 implere
551 2083 562 2100 ,
606 2045 699 2108 ipsa
724 2043 1035 2108 adimpletione
1065 2042 1244 2089 abstulit
1270 2059 1336 2097 ea,
1359 2058 1438 2105 per
1457 2057 1557 2105 quae
1587 2041 1735 2089 adhue

352 2116 694 2181 promittebatur
714 2114 1006 2179 implendum,
1035 2113 1153 2178 quod
1170 2117 1262 2174 jam
1288 2122 1456 2158 constat
1474 2111 1731 2175 impletum:

352 2198 561 2250 tanquam
594 2187 626 2232 si
649 2186 779 2231 verba
799 2186 877 2231 ista
902 2185 1086 2241 tolleret,
1125 2184 1370 2230 nasciturus
1387 2220 1398 2240 ‚
1425 2199 1551 2247 passu
1563 2199 1648 2236 rus,
1672 2201 1736 2230 re-

353 2267 642 2314 surrecturus,
669 2273 787 2320 quae,
815 2273 914 2302 cum
931 2256 1030 2302 haec
1051 2256 1197 2302 futura
1213 2264 1365 2311 essent,
1386 2264 1500 2300 reete
1519 2253 1736 2300 diceban-

350 2340 445 2384 tur3
469 2339 509 2374 et
527 2328 767 2373 institueret
783 2326 871 2373 dici
890 2366 900 2383 ‚
931 2338 1059 2374 natus
1076 2337 1164 2383 est,
1185 2343 1336 2390 passus
1362 2335 1425 2371 est
1445 2362 1456 2381 ,
1480 2325 1731 2384 resurrexit,

353 2417 454 2465 quae
477 2399 560 2446 illis
578 2399 804 2463 completis
823 2437 833 2456 ,
856 2410 897 2445 et
914 2400 972 2445 ob
1000 2399 1087 2446 hoe
1109 2398 1279 2453 ablatis,
1299 2407 1414 2443 recte
1439 2396 1661 2444 dicuntur.

421 2470 562 2517 XVII.
594 2469 718 2516 Sicut
741 2487 841 2531 ergo
867 2469 946 2516 ista
985 2471 1117 2517 verba
1135 2470 1195 2515 ita
1213 2468 1287 2515 illa
1309 2467 1466 2532 prioris
1491 2467 1647 2531 populi
1672 2485 1735 2514 sa-

343 2553 581 2597 cramenta,
609 2541 711 2605 quia
743 2559 820 2604 per
842 2559 937 2587 eum
965 2542 1039 2606 qui
1067 2559 1152 2587 non
1191 2540 1310 2587 venit
1346 2541 1508 2600 Legem
1533 2549 1575 2584 et
1613 2540 1726 2584 Pro-

341 2614 497 2679 phetas
515 2612 695 2671 solvere,
715 2612 764 2660 sd
789 2612 1042 2678 adimplere,
1055 2616 1148 2674 jam
1166 2611 1347 2677 impleta
1371 2620 1492 2668 sunt,
1512 2609 1612 2658 ideo
1637 2609 1734 2658 tolli
