1795 3253
172 298 347 332 CONTRA
381 295 677 328 FORTUNATUM
712 294 901 326 MANICH.
945 295 1208 327 DISPL'TATIO
1243 297 1277 329 1.
1350 280 1404 327 81

43 364 314 426 interrogatis
342 361 473 418 meis,
502 377 570 406 me
592 370 735 406 autem
757 359 841 405 tuis
869 360 1119 423 repondere.
1152 362 1196 407 Si
1224 362 1409 425 quaem,

45 448 192 484 utrum
211 454 233 482 a
255 436 345 480 Deo
365 431 633 479 descenderit
658 431 800 475 anima
817 467 827 486 ,
854 448 1008 490 magna
1031 432 1208 495 quidem
1234 433 1415 496 quaestio

46 519 108 555 est
130 526 140 554 :
169 506 243 554 sed
270 506 356 552 sive
384 523 408 550 a.
433 504 525 549 Deo
544 501 765 548 descendit
783 539 793 556 ‚
823 502 908 547 sive
925 519 1038 555 non;
1060 503 1169 548 illud
1200 504 1252 548 de
1276 504 1417 549 anima

46 578 309 642 respondeo,
337 592 423 621 non
450 591 535 619 esse
552 576 718 626 Deum3
745 571 859 617 aliud
882 589 966 617 esse
988 574 1127 618 Deum
1147 610 1157 629 ‚
1180 573 1296 618 aliud
1322 574 1419 618 ani-

48 666 179 696 mam.
211 650 352 694 Deum
375 662 461 691 esse
485 642 777 690 inviolabilem
794 681 804 697 ‚
828 643 1205 706 incorruptibilem
1225 681 1235 699 ‚
1272 655 1313 689 et
1334 644 1421 689 im-

49 717 359 784 penetrabilem
377 753 389 772 ,
412 725 455 760 et
476 712 894 776 incoinquinabilem
913 750 923 770 ,
944 724 985 758 et
1003 714 1077 777 qui
1094 731 1140 759 ex
1164 713 1283 759 nulla
1301 725 1424 777 parte

52 788 275 852 corrumpi
307 785 465 851 possit,
506 795 548 830 et
581 784 653 830 cui
689 783 808 829 nulla
844 800 891 828 ex
924 794 1048 846 parte
1081 785 1227 830 noceri
1263 795 1418 848 potest.

54 861 254 907 Animam
278 874 379 903 vero
397 855 591 901 videmus
611 865 654 899 et
667 854 954 918 peccatricem
976 871 1061 899 esse
1078 892 1089 910 ‚
1113 865 1154 899 et
1172 854 1215 899 in
1233 871 1429 899 aerumna

52 931 234 985 versari,
258 939 299 975 et
318 928 538 974 veritatem
559 943 770 989 quaerere,
788 936 830 970 et
844 924 1073 971 liberatore
1093 923 1298 984 indigere.
1321 926 1428 970 Haec

53 1002 235 1048 mutatio
255 1001 410 1046 animae
429 997 616 1044 ostendit
637 997 774 1051 mihi,
799 996 917 1060 quod
943 996 1083 1042 anima
1109 1013 1195 1041 non
1217 996 1269 1041 sit
1293 997 1421 1043 Deus

55 1074 168 1118 Nam
189 1072 224 1117 si
247 1070 390 1116 anima
413 1069 653 1115 substantia
686 1068 765 1113 Dei
793 1078 880 1123 est,
914 1067 1154 1112 substantia
1189 1067 1267 1112 Dei
1288 1078 1401 1112 errat
1416 1104 1427 1122 ‚

58 1140 298 1187 substantia
333 1139 414 1185 Dei
452 1138 776 1201 corrumpitur,
815 1137 1054 1184 substantia
1095 1137 1174 1183 Dei
1218 1138 1406 1183 violatur
1420 1175 1430 1195 ,

56 1211 296 1258 substantia
322 1210 401 1255 Dei
423 1209 643 1273 decipitur
665 1226 676 1254 ε
700 1207 818 1272 quod
835 1207 953 1254 nefas
976 1219 1038 1254 est
1056 1207 1212 1255 dicere.

123 1284 156 1328 F
159 1300 258 1329 on'r.
281 1281 387 1327 dixit
408 1299 419 1327 ε
443 1303 463 1322 «
484 1281 598 1340 Ergo
616 1281 778 1340 negasti
794 1279 980 1325 animam
999 1297 1046 1325 ex
1065 1281 1155 1325 Deo
1172 1296 1275 1335 esse,
1299 1296 1436 1343 quan-

58 1353 133 1400 diu
157 1353 346 1417 peccatis
371 1369 421 1398 ac
452 1351 567 1397 vitiis
592 1362 633 1397 et
656 1351 888 1396 mundanis
917 1351 1047 1396 rebus
1071 1350 1277 1406 deservit,
1300 1362 1342 1395 et
1366 1368 1437 1396 er-

55 1442 151 1470 rore
169 1424 346 1470 ducitur
369 1441 380 1469 :
408 1423 524 1486 quod
545 1422 639 1467 fieri
663 1438 749 1466 non
771 1431 911 1484 potest
926 1459 936 1477 ‚
958 1432 1006 1466 ut
1027 1431 1101 1466 aut
1125 1421 1238 1465 Deus
1256 1421 1342 1466 hoc
1359 1438 1436 1483 pa-

56 1496 189 1541 tiatur
204 1533 216 1552 ,
234 1504 308 1540 aut
321 1492 561 1539 substantia
579 1495 684 1552 ejus.
709 1492 783 1537 Est
801 1492 915 1537 enim
931 1493 1046 1537 Deus
1068 1491 1433 1554 incorruptibilis,

56 1576 99 1611 et
121 1564 361 1611 substantia
390 1567 480 1623 ejus
517 1561 797 1607 immaculata
831 1573 893 1607 est
934 1572 975 1607 et
1005 1572 1166 1608 sancta.
1209 1563 1294 1607 Hic
1333 1578 1435 1607 vero

57 1636 269 1700 quaeritur
287 1653 311 1680 a
329 1634 470 1689 vobis,
493 1643 640 1678 utrum
660 1632 804 1677 anima
822 1649 869 1677 ex
891 1633 980 1677 Deo
998 1633 1069 1688 sit,
1093 1635 1281 1677 ηοω-1169
1305 1631 1437 1689 Quod

58 1724 135 1753 nos
164 1706 374 1762 fatemur,
410 1715 452 1750 et
485 1702 751 1749 ostendimus
786 1720 834 1748 ex
870 1703 1107 1749 Salvatoris
1142 1702 1352 1759 adventu,
1389 1721 1437 1749 ex

58 1778 194 1842 ipsius
210 1787 357 1823 sancta
374 1775 711 1840 praedicatione‚
735 1791 781 1819 ex
800 1774 936 1838 ipsius
960 1774 1192 1830 electione,
1215 1774 1321 1820 dum
1346 1774 1436 1819 ani-

59 1848 140 1894 mis
161 1848 386 1895 miseretur
401 1884 412 1904 ,
433 1857 475 1892 et
493 1845 732 1892 secundum
748 1848 838 1905 ejus
862 1845 1093 1891 arbitrium
1113 1846 1255 1891 anima
1274 1845 1437 1891 venisse

61 1918 248 1974 dicitur,
287 1928 338 1964 ut
366 1916 562 1964 eamdem
593 1915 647 1962 de
682 1926 820 1961 morte
843 1915 1071 1972 liberaret,
1108 1927 1148 1962 et
1179 1915 1437 1980 perduceret

60 2007 152 2035 eam
170 1987 224 2034 ad
247 1999 453 2034 aeternam
474 1986 656 2047 gloriam
673 2023 684 2042 ‚
707 1996 748 2031 et
761 1985 1002 2031 restitueret
1026 1987 1160 2033 Patri.
1193 1985 1313 2042 Quid
1332 2003 1435 2032 vero

62 2058 116 2105 de
131 2060 275 2105 anima
291 2069 338 2105 tu
354 2059 446 2122 ipse
471 2057 580 2103 dicis
603 2067 678 2104 aut
694 2073 837 2121 speras
855 2094 866 2112 ,
894 2068 1041 2103 utrum
1060 2057 1114 2103 sit
1138 2075 1162 2103 a
1182 2057 1273 2103 Deo
1291 2093 1302 2113 ,
1327 2074 1436 2102 nec-

61 2133 148 2177 ne?
181 2130 468 2176 substantiam
497 2129 602 2185 Dei,
632 2146 679 2174 ex
702 2145 789 2192 qua
810 2145 938 2190 negas
961 2145 1047 2175 esse
1067 2128 1278 2186 animam,
1305 2127 1437 2174 nullis

62 2201 337 2266 passionibus
357 2217 482 2264 posse
501 2200 738 2259 subjacere.
762 2220 783 2241 ³>

127 2272 230 2318 XII.
272 2270 386 2319 Aue.
411 2270 518 2317 dixit
539 2287 550 2316 ε
573 2269 774 2317 Animam
798 2270 857 2316 sic
876 2270 1030 2330 negavi
1046 2287 1132 2316 esse
1150 2269 1437 2316 substantiam

65 2341 171 2399 Dei,
201 2351 250 2388 ut
269 2358 420 2403 negem
444 2341 563 2387 illam
587 2357 672 2386 esse
699 2340 840 2386 Deum
867 2358 879 2386 :
906 2340 978 2386 sed
997 2351 1142 2387 tamen
1161 2358 1209 2387 ex
1224 2342 1316 2386 Deo
1337 2357 1439 2386 aue-

66 2422 158 2459 tore
178 2429 264 2458 esse
281 2450 292 2470 ‚
314 2412 419 2477 quia
439 2411 554 2458 facta
577 2421 640 2457 est
657 2428 681 2456 a
704 2411 808 2458 Deo.
837 2410 970 2457 Aliud
993 2422 1054 2458 est
1070 2411 1147 2475 qui
1164 2410 1267 2457 feeit
1283 2447 1295 2467 ‚
1319 2408 1440 2456 aliud

67 2483 188 2547 quod
209 2483 325 2532 fecit.
354 2484 444 2541 Qui
463 2483 589 2540 fecit,
617 2482 919 2546 corruptibilis
938 2500 1024 2529 esse
1047 2482 1226 2528 omnino
1251 2498 1340 2527 non
1361 2497 1441 2545 po-

68 2564 150 2600 test
171 2571 184 2599 t
211 2554 332 2619 quod
358 2564 499 2602 autem
520 2553 649 2611 fecit,
674 2553 851 2602 omnino
876 2571 965 2603 non
991 2564 1133 2619 potest
1169 2552 1336 2617 aequale
1355 2568 1444 2600 esse

69 2624 134 2674 illi
152 2625 231 2690 qui
248 2624 366 2674 fecit.

201 2713 360 2746 cxxxv.
1284 2696 1315 2742 f»
