1795 3253
374 239 466 286 510
795 250 830 280 s.
873 247 1115 280 Aucusrmr
1151 248 1355 280 EPISCOPI

371 317 699 366 similitudinem
715 353 725 369 ,
746 332 796 361 eo
818 315 936 379 quod
962 315 1121 362 multos
1149 315 1302 361 colatis
1326 316 1442 364 deos.
1478 317 1638 364 Verum
1668 335 1746 366 vos

371 391 430 436 cis
446 408 532 436 esse
558 389 682 449 longe
703 387 957 439 deteriores,
984 387 1104 451 quod
1131 387 1190 432 illi
1221 404 1268 433 ea
1302 388 1453 434 colunt
1478 407 1579 453 quae
1613 401 1741 446 sunt,

371 460 444 506 sed
473 477 553 524 pro
582 459 664 505 diis
682 457 863 504 colenda
888 476 973 503 non
1002 468 1100 503 sunt
1132 475 1141 502 :
1170 468 1270 503 sunt
1296 459 1411 504 enim
1435 470 1475 505 et
1499 460 1617 506 idola
1636 497 1647 517 ,
1673 460 1746 508 sed

371 532 425 577 ad
449 531 629 577 salutem
648 528 762 576 nihil
784 539 897 575 sunt.
926 530 981 574 Et
1001 530 1079 592 qui
1103 528 1208 574 colit
1224 529 1421 574 arborem
1437 567 1446 585 ‚
1468 547 1555 576 non
1569 530 1748 594 quidem

371 603 533 649 arando
552 640 562 657 ‚
591 601 662 647 sed
685 598 908 645 adorando
927 637 937 656 ‚
963 616 1049 645 non
1075 598 1119 644 id
1145 598 1247 644 colit
1269 599 1388 661 quod
1409 616 1624 664 nusquam
1648 611 1709 647 est
1730 638 1741 657 ‚

368 674 439 719 sed
453 674 570 737 quod
585 673 643 718 ita
656 669 888 717 colendum
905 688 991 716 non
1005 681 1078 716 est.
1111 671 1127 714 l
1134 687 1207 733 psa
1220 670 1350 717 etiam
1369 669 1607 727 daemonia,
1632 671 1747 717 unde

368 745 476 792 dicit
493 743 725 809 Apostolus
748 760 758 787 ε
780 764 799 783 «
819 743 931 798 Quae
949 741 1178 788 immolant
1199 743 1358 786 Gentes
1379 778 1390 798 ,
1418 741 1646 788 daemoniis
1669 742 1749 788 im-

368 836 388 857 »
401 815 582 870 molant,
602 825 643 860 et
655 830 743 859 non
765 811 892 857 0001:
909 833 929 854 »
944 812 1095 875 utique
1109 821 1209 857 sunt
1228 811 1389 874 quibus
1409 810 1505 857 illos
1526 811 1751 858 immolare

367 885 499 942 dicit,
525 896 566 931 et
589 900 778 948 quorum
801 899 879 927 nos
902 882 1039 928 socios
1059 899 1145 927 esse
1173 898 1261 927 non
1289 881 1398 928 vult.
1424 882 1447 926 J
1455 899 1628 928 amvero
1651 875 1749 928 coe-

366 955 456 1002 lum
486 967 528 1002 et
551 966 661 1001 terra
677 992 687 1011 ,
714 970 830 998 mare
857 963 899 998 et
920 957 1014 1008 aer,
1038 951 1102 997 sol
1121 962 1163 997 et
1181 951 1285 997 luna
1305 989 1315 1008 ,
1346 962 1386 997 et
1406 962 1562 997 caetera
1585 951 1745 1009 sidera,

366 1028 511 1075 onmia
529 1027 629 1072 haec
645 1024 871 1071 manifesta
888 1023 1024 1069 oculis
1038 1034 1266 1087 apparent,
1290 1033 1419 1086 atque
1432 1023 1536 1086 ipsis
1556 1023 1749 1069 sensibus

364 1109 526 1162 praesto
547 1107 660 1142 sunt.
693 1096 806 1152 Quae
828 1111 930 1140 cum
951 1094 1114 1153 Pagani
1136 1104 1344 1157 tanquam
1362 1092 1465 1138 deos
1480 1092 1656 1149 colunt,
1679 1093 1746 1140 vel

364 1180 575 1232 tanquam
597 1176 741 1230 partes
767 1166 895 1210 unius
922 1164 1067 1224 magni
1090 1163 1187 1219 dei,
1212 1181 1313 1209 nam
1339 1164 1588 1209 universum
1614 1180 1748 1210 mun-

364 1239 470 1285 dum
495 1237 675 1301 quidam
699 1251 849 1280 eorum
873 1244 1032 1297 putant
1058 1234 1293 1279 maximum
1315 1233 1445 1279 deum
1477 1251 1488 1278 ε
1515 1251 1563 1279 ea
1594 1233 1747 1280 colunt

363 1326 463 1374 quae
481 1318 595 1354 sunt.
619 1307 733 1352 Cum
747 1305 910 1370 quibus
929 1304 1107 1368 quando
1127 1305 1291 1364 agimus
1306 1342 1316 1360 ‚
1343 1314 1391 1350 ut
1411 1322 1459 1351 ea
1472 1321 1560 1349 non
1577 1305 1742 1363 colant,

361 1397 451 1427 non
483 1379 541 1425 eis
585 1377 773 1423 dicimus
804 1374 923 1439 quod
959 1374 1078 1421 nulla
1113 1375 1198 1419 sint
1223 1411 1235 1431 ,
1276 1374 1351 1420 sed
1395 1374 1517 1438 quod
1562 1374 1745 1422 colenda

361 1470 450 1498 non
474 1451 559 1496 sint
593 1467 604 1494 :
636 1449 781 1512 eisque
806 1445 1043 1492 colendum
1072 1446 1231 1492 horum
1253 1446 1449 1492 omnium
1470 1445 1744 1493 conditorem

362 1526 503 1569 Deum
546 1518 811 1567 invisibilem
848 1516 1079 1562 suademus
1109 1554 1120 1573 ‚
1167 1520 1293 1577 cujus
1333 1516 1463 1562 solius
1497 1516 1743 1581 participa-

360 1594 476 1640 tione
502 1593 654 1638 beatus
673 1589 807 1635 homo
828 1588 920 1633 fieri
941 1597 1082 1650 potest
1114 1605 1125 1632 :
1157 1586 1278 1650 quod
1304 1604 1453 1632 omnes
1481 1586 1588 1632 velle
1616 1604 1742 1634 nemo

361 1665 558 1724 ambigit.
591 1661 676 1707 Sed
698 1659 802 1724 quia
831 1658 1033 1704 nonnulli
1065 1675 1216 1704 eorum
1246 1658 1511 1704 invisibilem
1531 1668 1573 1703 et
1591 1658 1742 1704 incor-

358 1753 537 1800 poream
556 1743 798 1780 creaturam
831 1729 1013 1785 colunt,
1043 1729 1163 1793 quod
1193 1739 1256 1774 est
1288 1740 1330 1774 et
1364 1729 1508 1775 anima
1535 1746 1741 1794 mensque

358 1808 553 1853 humana
567 1825 578 1858 3
597 1814 741 1848 tamen
749 1801 852 1865 quia
864 1816 944 1845 nec
955 1803 990 1860 ej
998 1799 1167 1845 usmodi
1181 1809 1392 1844 creaturae
1404 1799 1742 1862 participatione

357 1879 408 1924 fit
432 1878 565 1923 homo
585 1876 761 1926 beatus3
786 1871 858 1917 ille
882 1888 970 1916 non
999 1870 1140 1916 solum
1164 1869 1394 1916 invisibilis
1415 1907 1426 1929 ,
1455 1871 1739 1916 verumetiam

356 1945 729 1996 incommutabilis
758 1944 873 1988 Deus
889 1979 900 1998 ,
933 1942 980 1987 id
1005 1952 1090 1998 est,
1114 1942 1229 1986 Deus
1248 1957 1375 1987 verus
1399 1940 1608 1987 colendus
1631 1953 1693 1988 est
1721 1960 1732 1988 :

357 2021 461 2084 quia
481 2019 595 2065 solus
617 2016 688 2063 ille
718 2013 926 2061 colendus
946 2023 1031 2069 est,
1072 2029 1159 2076 quo
1185 2011 1274 2057 solo
1298 2011 1444 2057 fruens
1461 2049 1472 2067 ,
1501 2011 1652 2058 beatus
1687 2013 1737 2059 fit

357 2091 500 2138 cultor
518 2093 608 2149 eius
629 2108 641 2142 3
666 2097 709 2133 et
728 2102 815 2149 quo
832 2083 922 2130 solo
953 2100 1043 2129 non
1071 2083 1220 2128 fruens
1235 2119 1246 2139 ‚
1275 2082 1414 2127 omnis
1437 2098 1555 2128 mens
1582 2083 1736 2130 misera

355 2173 446 2218 est,
470 2159 670 2224 qualibet
694 2174 739 2203 re
760 2156 843 2202 alia
862 2153 1127 2219 perfruatur.
1154 2154 1239 2199 Vos
1258 2163 1402 2199 autem
1427 2169 1528 2198 cum
1548 2169 1595 2199 ea
1612 2153 1734 2200 cola-

356 2234 410 2279 tis
439 2249 540 2296 quae
564 2229 742 2276 omnino
761 2243 850 2273 non
879 2236 1004 2282 sunt,
1033 2224 1107 2271 sed
1143 2234 1384 2270 vestrarum
1408 2222 1629 2269 :fallacium
1664 2223 1733 2270 fa-

355 2304 560 2351 bularum
582 2301 772 2347 vanitate
796 2299 1041 2358 finguntur,
1079 2294 1416 2360 propinquiores
1441 2294 1582 2340 essetis
1617 2312 1732 2342 verae

354 2375 510 2440 pietati
528 2390 577 2420 ac
589 2370 784 2431 religioni
801 2407 812 2425 ‚
832 2370 865 2415 si
884 2369 1033 2415 saltem
1057 2366 1221 2427 Pagani
1243 2366 1386 2412 essetis
1400 2403 1410 2422 ,
1427 2365 1496 2413 vel
1512 2365 1558 2411 in
1578 2382 1730 2412 eorum

355 2462 506 2508 genere
525 2444 603 2509 qui
625 2458 811 2506 corpora
833 2440 986 2487 colunt
1005 2476 1016 2498 ,
1043 2439 1123 2486 etsi
1143 2453 1233 2485 non
1253 2436 1436 2483 colenda
1452 2474 1464 2494 ‚
1487 2435 1560 2483 sed
1584 2446 1729 2502 tamen

353 2564 371 2606 ἰν
403 2558 414 2581 ¹
436 2570 449 2590 1
473 2559 593 2597 Cor.x‚
614 2565 669 2588 20.
