1795 3253
362 238 456 292 30',
771 247 806 277 s,
849 246 1093 277 AUGUSTINI
1132 246 1330 277 EPISCOPI

360 317 430 363 sed
470 310 730 379 proficiendi
764 312 1064 357 exercitatione
1102 313 1357 358 scribuntur
1387 329 1411 358 a
1440 312 1582 360 nobiS.
1622 314 1742 361 Inter

358 388 439 433 lios
467 386 582 431 enim
613 399 782 435 sumus,
823 383 985 446 quibus
1024 383 1139 428 idem
1180 383 1415 446 Apostolus
1451 382 1630 429 dicitz«
1649 385 1741 431 Etsi

356 481 376 500 ))
403 455 511 521 quid
533 455 655 501 aliter
677 453 844 516 sapitiS,
877 453 922 498 id
945 471 1120 517 quoque
1139 453 1265 498 vobis
1295 454 1410 498 Deus
1435 453 1689 501 revelabit1.
1718 476 1738 496 »

354 527 486 586 Quod
505 542 637 586 genus
653 524 893 570 litterarum
918 541 1005 568 uon
1024 541 1123 568 cum
1143 523 1350 569 credendi
1368 523 1636 580 necessitate,
1663 525 1737 571 sed

355 616 457 644 cum
476 594 709 657 judicandi
736 594 936 639 libertate
961 593 1192 653 legendum
1219 604 1296 641 est.
1325 594 1409 639 Cui
1434 605 1577 640 tamen
1599 612 1650 641 ne
1673 595 1739 640 in-

355 668 666 716 tercluderetur
684 666 822 722 locus,
843 677 885 711 et
904 665 1183 721 adimeretur,
1208 666 1389 729 posteris
1405 665 1459 710 ad
1478 666 1738 729 quaestiones

355 740 551 787 difficiles
577 736 825 784 tractandas
847 748 974 800 atque
993 736 1222 782 versandas
1242 736 1405 796 linguae
1429 754 1477 783 ac
1502 737 1602 800 styli
1626 737 1737 783 salu-

353 812 568 859 berrimus
591 810 736 865 labor,
764 808 968 854 distincta
993 820 1054 853 est
1079 828 1101 854 a
1128 809 1415 872 posteriorum
1439 808 1563 854 libris
1593 808 1736 855 excel-

350 883 485 929 lentia
508 881 731 928 canonicae
756 881 1027 925 auctoritatis
1055 879 1217 925 Veteris
1240 890 1281 925 et
1307 879 1419 925 Novi
1450 879 1731 936 Testamenti,

349 971 450 1018 quae
491 952 801 1017 Apostolorum
833 953 1091 996 confirmata
1134 950 1409 1014 temporibus
1442 967 1521 1013 per
1559 967 1734 996 succes-

352 1025 490 1069 siones
518 1023 839 1086 Episcoporum
868 1032 909 1066 et
934 1022 1271 1084 propagationes
1300 1020 1733 1076 Ecclesiarum,ctan-

351 1111 483 1157 quam
499 1095 545 1139 in
558 1093 654 1139 sede
673 1092 860 1156 quadam
876 1092 1120 1138 sublimiter
1141 1092 1375 1138 constituta
1393 1102 1471 1147 est,
1492 1091 1563 1137 cui
1578 1092 1733 1137 serviat

350 1165 489 1210 omnis
519 1164 656 1209 fidelis
677 1175 718 1208 et
742 1164 840 1226 pius
863 1163 1121 1209 intellectus.
1155 1163 1225 1208 lbi
1244 1163 1277 1208 si
1299 1162 1407 1227 quid
1430 1161 1547 1208 velut
1573 1161 1731 1207 absur-

349 1236 456 1281 dum
488 1235 688 1290 moverit,
716 1251 802 1279 non
829 1234 933 1280 licet
966 1234 1139 1279 dicere:
1167 1236 1330 1279 Auctor
1358 1233 1491 1294 liujus
1517 1232 1620 1278 libri
1642 1250 1731 1279 non

350 1306 489 1351 tenuit
515 1304 739 1351 veritatem
762 1321 772 1348 ε
795 1303 887 1359 sed,
921 1314 996 1349 aut
1020 1303 1154 1348 codex
1178 1303 1407 1349 mendosus
1438 1313 1516 1358 est,
1550 1313 1626 1347 aut
1656 1303 1729 1348 iu-

351 1388 511 1439 terpres
538 1376 712 1430 erravit,
743 1385 817 1420 aut
838 1385 887 1420 tu
912 1392 1001 1420 non
1025 1374 1240 1433 intelligis.
1268 1375 1320 1418 In
1338 1372 1559 1437 opusculis
1585 1384 1728 1419 autem

344 1448 662 1511 posteriorum,
703 1464 803 1509 quae
837 1446 961 1491 libris
992 1445 1387 1491 innumerabilibus
1425 1445 1724 1502 continentur,

345 1518 417 1563 sed
451 1518 571 1564 nullo
597 1516 728 1563 modo
754 1516 841 1562 illae
863 1517 1160 1562 sacratissimae
1185 1516 1493 1562 canonicarum
1521 1516 1726 1579 Scriptu-

343 1607 492 1635 rarum
516 1588 777 1635 excellentiae
810 1598 1119 1650 coaequantur,
1154 1588 1281 1633 etiam
1305 1588 1350 1633 in
1375 1587 1726 1651 quibuscumque

343 1676 493 1705 eorum
520 1658 739 1705 invenitur
767 1657 917 1703 eadem
949 1659 1122 1707 veritas.
1156 1658 1283 1718 longe
1317 1669 1459 1703 tamen
1493 1668 1555 1703 est
1583 1657 1727 1721 impar

343 1730 590 1776 auctoritas,
617 1731 768 1792 Itaque
786 1728 832 1774 in
854 1729 929 1785 eis,
952 1729 985 1774 si
1005 1746 1090 1792 qua
1114 1729 1224 1774 forte
1247 1740 1478 1793 propterea
1505 1728 1724 1775 dissonare

339 1812 552 1865 putantur
578 1819 600 1846 a
631 1818 750 1856 vero,
783 1801 886 1863 quia
913 1818 1001 1846 non
1035 1811 1083 1846 ut
1119 1800 1236 1846 dicta
1265 1811 1366 1846 sunt
1400 1800 1719 1861 intelliguntur,

339 1883 484 1918 tamen
502 1872 692 1917 liberum
712 1870 776 1916 ibi
802 1871 938 1917 habet
962 1872 1099 1917 lector
1124 1871 1348 1918 auditorve
1368 1871 1605 1932 judicium,
1634 1889 1722 1935 quo

336 1943 405 1989 vel
431 1943 648 2007 approbet
674 1940 795 2006 quod
826 1941 1060 2005 placuerit,
1088 1942 1156 1989 vel
1182 1943 1403 2006 improbet
1429 1941 1550 2006 quod
1582 1944 1721 1988 offen—

337 2013 475 2061 derit:
496 2025 537 2060 et
561 2014 658 2060 ideo
683 2023 843 2059 cuncta
866 2013 1080 2073 ejusmodi
1103 2013 1186 2059 nisi
1211 2013 1277 2059 vel
1301 2024 1417 2059 certa
1443 2013 1625 2068 ratione,
1654 2013 1721 2059 vel

335 2084 409 2130 illa
443 2084 654 2130 canonica
689 2083 944 2130 auctoritate
974 2083 1281 2141 defendantur,
1320 2095 1368 2129 ut
1403 2083 1720 2129 demonstretur

337 2155 424 2200 sive
445 2156 622 2201 omnino
646 2155 705 2200 ita
723 2172 827 2211 esse,
849 2155 936 2201 sive
954 2155 1046 2200 fieri
1066 2155 1254 2219 potuisse
1278 2155 1398 2219 quod
1425 2154 1491 2200 vel
1516 2154 1718 2217 disputa-

337 2235 431 2271 tum
448 2226 512 2272 ibi
533 2236 615 2283 est,
634 2225 701 2271 vel
719 2236 938 2272 narratum
959 2247 970 2280 ;
991 2227 1024 2272 si
1042 2227 1114 2272 cui
1136 2226 1425 2290 displicuerit,
1449 2236 1524 2271 aut
1544 2225 1717 2271 credere

336 2296 541 2353 noluerit,
573 2314 662 2342 non
690 2296 1040 2360 reprehenditur.
1073 2299 1126 2343 In
1145 2297 1216 2343 illa
1242 2315 1341 2343 vero
1365 2296 1575 2342 canonica
1605 2295 1717 2342 emi-

337 2370 482 2414 nentia
501 2385 720 2414 sacrarum
743 2369 1031 2426 Litterarum,
1059 2369 1225 2414 etiamsi
1244 2386 1355 2414 unus
1377 2367 1618 2432 Propheta,
1642 2384 1716 2413 seu

337 2438 589 2501 Apostolus,
614 2448 688 2484 aut
706 2439 980 2499 Evangelista
999 2439 1164 2504 aliquid
1184 2441 1230 2485 in
1247 2439 1334 2486 suis
1352 2439 1504 2486 litteris
1523 2438 1715 2503 posuisse

334 2508 429 2572 ipsa
449 2509 625 2556 canonis
649 2510 979 2557 confirmatione
1002 2510 1266 2569 declaratur,
1286 2528 1375 2558 non
1390 2510 1494 2558 licet
1512 2509 1715 2557 dubitare

384 2596 394 2618 ¹
411 2595 527 2640 Philip.
547 2608 600 2636 ιιι,
619 2597 671 2628 ι6.
