1795 3253
102 288 276 319 CONTRA
311 287 579 319 ADIMANTUM
614 287 848 319 MANICILEI
885 288 1104 321 DISCIPUL.
1148 292 1234 324 LIB.
1278 294 1309 325 Ι.
1384 295 1467 343 117

167 353 298 409 Quod
318 364 460 399 autem
488 354 533 399 in
554 354 721 399 tertiam
741 363 782 398 et
806 364 1006 416 quartam
1034 356 1246 419 seriptum
1270 371 1331 405 est
1348 377 1473 420 gene-

100 423 307 469 rationem
334 423 573 469 vindietam
597 423 829 487 procedere
845 460 855 477 ‚
884 441 972 468 non
997 424 1114 470 aliud
1144 427 1375 487 significari
1400 448 1472 475 ar-

99 494 257 550 bitror,
285 494 365 540 nisi
391 494 511 557 quod
530 495 585 540 ab
605 495 699 558 ipso
719 494 941 540 Abraham
962 532 971 547 ,
994 496 1070 558 qui
1100 508 1222 559 pater
1247 516 1331 545 esse
1356 502 1470 546 inei-

97 565 165 627 pit
189 565 345 628 populi
366 565 640 621 judaeorum,
657 576 846 629 quatuor
867 575 1012 609 {etates
1035 578 1135 611 sunt
1154 585 1254 613 eum
1275 570 1350 615 ista
1372 589 1472 634 quae

97 652 214 680 nune
240 636 409 695 agitur,
432 653 536 698 quas
565 636 796 680 Matthzeus
814 636 1069 694 evangelista
1091 637 1352 698 ctistinguit⁴-.
1378 642 1472 687 Una

96 716 157 751 est
175 706 231 751 ab
257 706 477 751 Abraham
503 723 635 769 usque
657 706 710 751 ad
738 706 879 751 David
903 726 913 759 3
940 706 1019 751 alia
1050 725 1072 752 a
1103 708 1241 754 David
1266 727 1399 773 usque
1416 712 1472 757 ad

97 777 511 837 transmigrationem
526 777 570 821 in
584 775 873 839 Babyloniam
891 796 901 829 ;
920 777 1040 821 tertia
1061 796 1079 822 a
1098 780 1471 840 transmigratione

93 846 138 892 in
156 847 443 911 Babyloniam
472 864 605 910 usque
630 847 683 891 ad
712 847 882 892 Domini
905 847 1141 893 adventum
1166 866 1175 893 ε
1199 849 1300 894 inde
1335 869 1470 915 usque

93 917 148 962 ad
173 918 303 963 finem
321 928 473 980 quarta
496 917 750 981 deputatur,
774 928 979 981 tanquam
1004 929 1198 964 senectus
1221 921 1368 966 saeeuli
1387 939 1471 967 eae-

92 989 191 1033 teris
223 989 425 1034 aetatibus
455 989 639 1049 longior.
682 990 800 1045 Quas
832 999 979 1034 aetates
1010 1006 1092 1052 pro
1117 991 1468 1049 generationibus

90 1058 252 1121 positas
271 1058 512 1115 credimus,
534 1061 734 1122 quamvis
756 1058 937 1118 singulae
957 1058 1160 1122 pluribus
1185 1062 1470 1120 generationi-

89 1128 172 1173 bus
188 1139 399 1176 constent.
425 1131 480 1174 Et
498 1130 703 1192 quoniam
727 1129 851 1174 tertia
874 1129 1032 1192 incipit
1049 1148 1071 1174 a
1095 1131 1468 1191 transmigratione

88 1199 372 1262 Babyloniae,
399 1200 578 1264 quando
605 1200 861 1246 Judaeorum
900 1209 962 1244 est
995 1199 1109 1245 faeta
1134 1203 1388 1264 captivitas,
1422 1204 1467 1249 in

86 1281 243 1333 quarta
266 1288 367 1317 vero
386 1309 397 1328 ,
424 1271 470 1317 id
492 1281 579 1327 est,
607 1282 706 1335 post
731 1271 966 1316 adventum
989 1272 1167 1317 Domini
1184 1273 1341 1329 nostri,
1365 1291 1467 1333 gens

86 1340 344 1387 Judaeorum
358 1360 379 1388 a
393 1342 481 1388 solo
499 1342 681 1406 proprio
692 1342 863 1405 penitus
883 1341 1099 1387 eradicata
1115 1353 1177 1387 est
1199 1360 1209 1387 t
1228 1343 1315 1389 hoe
1337 1344 1467 1390 datur

84 1410 265 1471 intelligi
286 1413 406 1475 quod
426 1413 592 1459 dietum
616 1423 702 1468 est,
741 1412 879 1457 tertiae
911 1422 951 1456 et
984 1423 1152 1475 quartae
1177 1414 1464 1473 generationis

83 1492 263 1544 peccata
285 1494 515 1546 parentum
538 1483 812 1529 redditurum
835 1484 974 1528 Deum
989 1519 999 1538 ‚
1019 1482 1087 1528 his
1101 1483 1250 1546 utique
1274 1483 1463 1544 legitime

84 1562 211 1615 atque
225 1553 369 1599 debite
385 1591 396 1610 ‚
420 1554 496 1618 qui
511 1565 742 1618 parentum
760 1564 941 1617 peccata
965 1564 1286 1616 perseverantes
1299 1565 1458 1612 tenere,

81 1638 213 1684 quam
239 1624 316 1669 Dei
335 1625 545 1684 justitiam
570 1624 689 1687 sequi
709 1623 973 1669 maluerunt.
1005 1623 1118 1668 Nam
1136 1641 1225 1669 non
1243 1625 1461 1685 pertinere

78 1695 216 1755 patris
237 1706 417 1757 peecata
441 1695 496 1740 ad
516 1695 656 1739 filium
676 1697 790 1752 juste
815 1693 1035 1738 viventem
1051 1728 1061 1748 ‚
1089 1691 1310 1755 propheta
1350 1696 1460 1740 Eze-

80 1763 195 1809 chiel
218 1765 479 1827 apertissime
498 1763 686 1810 ostendit
700 1764 733 1810 2.

145 1836 276 1892 Quod
300 1846 441 1881 autem
464 1835 510 1881 in
532 1834 765 1895 Evangelio
801 1833 963 1879 dieitur
1000 1850 1010 1877 z
1051 1854 1071 1874 «
1095 1836 1244 1878 Estote
1276 1833 1460 1894 benigni

80 1926 100 1946 ›>
120 1905 492 1969 quemadmodum
510 1907 638 1951 Pater
660 1915 799 1951 vester
818 1903 1005 1949 eoelestis
1026 1940 1036 1959 ,
1065 1903 1141 1965 qui
1167 1903 1301 1949 solem
1330 1921 1458 1950 suum

79 1998 99 2018 ›>
122 1976 226 2022 oriri
245 1976 350 2023 facit
375 1994 506 2040 super
522 1977 661 2022 bonos
675 1987 715 2021 et
736 1974 919 2030 malos3‚
946 1996 965 2016 ›>
1000 1991 1087 2019 non
1111 1984 1172 2018 est
1190 1974 1334 2020 Veteri
1350 1976 1456 2021 Tes-

80 2059 268 2094 tamento
288 2048 571 2093 contrarium.
617 2047 712 2092 Hoc
743 2045 858 2090 enim
881 2044 986 2090 facit
1012 2046 1125 2089 Deus
1151 2055 1200 2090 ut
1222 2045 1376 2091 invitet
1401 2046 1455 2092 ad

75 2117 380 2181 poenitentiam
395 2155 405 2174 ,
427 2117 540 2163 sicut
567 2117 674 2162 dicit
704 2115 936 2179 Apostolus
963 2133 973 2160 ε
1013 2117 1225 2174 «Ignoras
1244 2115 1348 2178 quia
1370 2135 1454 2180 pa-

75 2209 97 2230 »
121 2188 267 2235 tientia
287 2188 366 2234 Dei
382 2188 434 2233 ad
450 2188 752 2252 poenitentiam
767 2197 804 2232 te
820 2187 976 2232 invitat
989 2185 1004 2213 Δ
1019 2189 1036 2231 Ρ
1053 2208 1072 2227 »
1091 2187 1181 2232 Nec
1198 2197 1341 2232 tamen
1356 2187 1452 2234 ideo

75 2258 341 2306 credendum
363 2269 424 2304 est
442 2276 530 2304 non
550 2259 810 2321 puniturum
840 2258 982 2302 Deum
1004 2273 1075 2302 eos
1091 2293 1102 2313 ‚
1134 2256 1211 2321 qui
1234 2294 1244 2312 ,
1274 2267 1322 2302 ut
1344 2257 1455 2304 dicit

73 2330 189 2377 idem
210 2331 441 2394 Apostolus
468 2348 478 2374 ς
502 2351 521 2371 «
537 2328 850 2374 Thesaurizant
869 2328 953 2373 sibi
975 2327 1083 2372 iram
1106 2328 1153 2372 in
1178 2326 1248 2372 die
1271 2327 1349 2373 irae
1370 2365 1381 2384 ,
1409 2339 1452 2374 et

75 2424 96 2444 »
119 2402 389 2449 revelationis
410 2401 518 2461 justi
535 2399 694 2460 judieii
712 2399 790 2465 Dei
806 2437 816 2454 ‚
845 2399 921 2462 qui
940 2398 1091 2444 reddet
1115 2397 1353 2461 unicuique
1376 2416 1446 2444 se-

74 2493 95 2514 »
115 2472 311 2519 cundum
334 2489 465 2536 opera
485 2471 600 2517 sua-5.
623 2492 642 2513 »
674 2465 873 2533 Namque
891 2469 1017 2515 istam
1037 2469 1117 2513 Dei
1134 2468 1392 2531 patientiam
1411 2478 1452 2514 et

121 2567 132 2588 ¹
154 2565 273 2600 Matth.
289 2578 314 2605 ι,
338 2578 392 2607 17.
411 2585 450 2590 —
473 2564 488 2587 ²
509 2565 622 2598 Ezech.
638 2575 735 2606 xvm,
760 2559 887 2600 14.—3
904 2561 1023 2596 Manh.
1045 2573 1075 2600 v,
1091 2561 1196 2597 45.—
1217 2556 1230 2581 ⁴
1248 2562 1342 2592 Rom.
1356 2570 1395 2604 11,
1414 2566 1452 2598 4.

72 2617 86 2642 5
103 2619 185 2652 Ibid.
204 2621 236 2654 5.
