1795 3253
368 289 453 345 148
785 303 819 334 s,
864 303 1106 334 Aue-esum
1143 304 1346 335 Erlseopr

359 394 379 414 »
402 374 469 419 bis
485 374 597 420 inter
619 390 685 418 me
704 409 714 428 ,
745 383 787 417 et
813 383 850 418 te
875 383 916 418 et
939 391 1082 419 semen
1117 384 1259 420 tuum.
1286 373 1429 421 Omne
1452 374 1744 421 masculinum

358 466 378 484 >2
400 443 687 490 circumcides
708 444 752 489 iu
782 461 911 489 etune
930 445 1137 508 praeputii
1156 445 1350 507 ipsorum
1374 463 1384 490 ε
1409 456 1450 491 et
1472 446 1525 491 sit
1547 445 1633 490 hoc
1654 446 1741 503 sig-

356 536 377 556 »
404 532 507 560 num
536 515 775 561 testamenti
794 516 905 561 inter
933 533 998 560 me
1015 526 1055 561 et
1079 533 1168 562 vos.
1205 516 1373 562 Octava
1398 527 1539 562 autem
1563 517 1631 562 die
1655 518 1744 563 cir-

361 609 378 625 ·›
403 586 659 632 cumcidetis
674 603 820 631 omues
836 586 1048 631 masculos
1072 587 1253 645 ingente
1271 598 1428 644 vestra,
1456 588 1640 633 utetiam
1665 587 1743 634 do-

356 678 377 697 »
402 657 616 703 minatum
651 669 692 702 et
715 668 1015 719 comparatum
1043 657 1367 703 circumcidatis
1408 669 1568 721 praeter
1592 658 1744 704 alieni-

357 748 378 768 »
401 745 551 786 genam
582 738 657 773 :et
684 727 770 773 hoc
797 728 877 773 erit
911 738 1209 773 testamentum
1249 728 1295 773 in
1337 739 1461 788 gente
1498 740 1652 775 vestra.
1688 733 1744 774 Et

362 819 382 838 »
405 799 545 843 omnis
568 797 784 844 masculus
803 798 879 862 qui
901 816 988 843 non
1005 798 1294 844 circumcidet
1306 800 1576 862 praeputium
1596 816 1739 855 suum,

355 890 375 908 υ
403 868 555 931 perdet
573 869 759 915 animam
778 886 898 914 suam
917 869 968 915 de
984 869 1123 914 media
1141 869 1269 932 plebe
1285 908 1295 926 ‚
1316 871 1417 933 quia
1435 881 1742 916 testamentum

360 960 379 979 »
408 956 551 985 meum
588 939 782 986 dissolvit
801 939 833 986 ’1.
857 962 876 981 »
904 941 1011 985 Ilaec
1041 940 1185 985 omnia
1222 941 1353 987 verba
1384 941 1547 987 Veteris
1584 941 1740 986 Testa-—

359 1011 511 1067 menti,
543 1022 590 1056 ut
611 1011 668 1056 eis
697 1010 750 1055 de
788 1012 911 1057 Novo
933 1012 1208 1056 'l'estamento
1233 1011 1500 1068 adversetur,
1528 1012 1740 1075 proponit

358 1081 636 1136 Adimantus,
668 1092 709 1127 et
748 1082 964 1128 contraria
987 1098 1072 1126 esse
1108 1082 1293 1127 assirmat
1325 1099 1372 1128 ea
1394 1099 1495 1146 quae
1521 1082 1731 1128 Dominus

348 1150 456 1196 dicit
481 1152 525 1197 in
553 1152 784 1210 Evangelio
818 1153 870 1197 de
893 1153 1141 1215 proselyto:
1171 1175 1189 1194 «
1209 1153 1286 1198 Vae
1318 1153 1463 1209 vobis,
1498 1153 1669 1198 Scribae
1696 1163 1737 1198 et

352 1242 374 1263 >2
400 1222 611 1268 Pharisaei
635 1222 899 1285 hypocritae,
923 1223 997 1285 qui
1018 1223 1259 1268 circumitis
1298 1240 1415 1268 mare
1439 1233 1480 1267 et
1506 1233 1663 1268 terram
1686 1233 1733 1267 ut

357 1314 378 1333 »
402 1290 570 1337 faciatis
587 1309 721 1337 unum
746 1293 1034 1355 proselytum,
1074 1303 1115 1337 et
1154 1310 1254 1337 cum
1290 1292 1491 1350 feceritis,
1519 1293 1600 1338 erit
1624 1292 1740 1338 filius

350 1384 370 1403 »
395 1362 610 1421 gehennae
632 1400 641 1413 ,
672 1363 810 1408 multo
841 1363 1074 1426 plusquam
1112 1363 1209 1407 estis
1240 1380 1315 1409 vos
1352 1364 1384 1410 2.
1414 1386 1434 1405 »
1480 1364 1614 1421 Quasi
1639 1380 1740 1410 vero

348 1444 579 1497 propterea
622 1434 836 1479 Dominus
874 1434 1142 1497 proselytum
1167 1433 1284 1478 dicat
1316 1434 1455 1480 filium
1500 1434 1731 1494 gehennae,

348 1505 451 1568 quia
474 1504 824 1553 circumciditur.
848 1515 890 1549 et
917 1505 1148 1550 sabbatum
1177 1505 1376 1551 observat
1392 1525 1403 1559 3
1421 1516 1462 1550 et
1483 1522 1571 1550 non
1591 1505 1741 1569 potius

348 1576 451 1639 quia
477 1574 735 1621 Judaeorum
751 1593 931 1638 pravam
960 1576 1330 1622 conversationem
1359 1577 1532 1636 cogitur
1555 1576 1732 1632 imitari,

348 1662 436 1691 non
448 1663 534 1709 qua
553 1646 785 1692 observant
808 1657 1032 1709 praecepta
1055 1646 1156 1706 legis
1171 1684 1181 1701 ‚
1204 1646 1275 1692 sed
1294 1663 1381 1710 qua
1392 1647 1560 1692 faciunt
1584 1658 1736 1693 contra

348 1718 521 1776 Legem.
565 1716 697 1773 Quod
722 1716 803 1763 alio
826 1716 921 1762 loco
945 1716 997 1762 de
1030 1717 1098 1762 his
1121 1717 1388 1780 apertissime
1409 1717 1534 1773 dicit,
1558 1717 1634 1764 ubi
1657 1719 1731 1773 ait,

349 1786 471 1849 quod
494 1786 697 1846 rejiciunt
718 1786 974 1832 mandatum
1006 1787 1102 1842 Dei,
1146 1798 1193 1832 ut
1213 1804 1334 1832 suam
1377 1787 1737 1833 constitutionem

347 1857 635 1903 confirment3
660 1876 670 1903 t
697 1858 800 1920 quia
820 1875 920 1903 cuin
943 1860 1025 1903 Lex
1047 1859 1307 1922 praeceperit
1326 1858 1535 1904 honorari
1561 1863 1732 1922 patrem

346 1939 388 1973 et
411 1939 593 1973 matrem
609 1966 619 1984 ‚
646 1929 926 1974 instituerunt
948 1929 1032 1992 ipsi
1054 1929 1278 1993 quomodo
1302 1929 1624 1975 exhonorentur
1652 1948 1736 1993 pa-

346 2008 499 2044 rentes.
529 1999 584 2044 Et
620 1998 722 2044 item
745 2015 846 2044 cum
874 1999 931 2044 eis
953 1999 1061 2044 dicit
1086 2017 1096 2044 :
1141 2021 1160 2041 «
1182 2000 1257 2045 Vae
1294 2000 1419 2046 vobis
1440 2037 1450 2056 ‚
1490 2000 1658 2046 Scribae
1695 2011 1737 2046 et

344 2089 367 2110 ³>
396 2069 623 2125 Pharisaei,
643 2070 718 2133 qui
753 2069 927 2114 habetis
953 2068 1121 2115 clavem
1154 2069 1274 2129 regni
1296 2069 1528 2126 coelorum,
1555 2087 1635 2115 nec
1652 2070 1735 2133 ipsi

343 2160 365 2179 >2
387 2138 573 2194 intratis,
602 2155 679 2183 nec
702 2138 803 2183 alios
839 2139 1089 2202 permittitis
1126 2139 1290 2184 intrare
1314 2137 1347 2186 Δ.
1376 2160 1396 2180 »
1417 2139 1496 2186 Vel
1518 2156 1620 2185 cum
1647 2140 1731 2185 alio

344 2207 441 2254 loco
457 2208 672 2272 praecepit
686 2208 980 2265 audientibus,
1003 2221 1051 2254 ut
1070 2209 1198 2255 dictis
1218 2209 1546 2256 Pharisaeorum
1563 2221 1604 2256 et
1619 2210 1734 2257 Scri-

343 2279 501 2325 barum
542 2279 922 2343 obtemperarent,
950 2279 1065 2326 facta
1089 2297 1191 2326 vero
1217 2297 1367 2326 eorum
1397 2297 1485 2326 non
1504 2280 1733 2327 imitaren-

345 2360 430 2397 tur.
463 2349 535 2395 Ait
554 2350 666 2395 enim
687 2368 697 2395 ε
721 2371 742 2392 «
764 2351 906 2414 Super
942 2351 1200 2398 cathedram
1239 2351 1378 2414 Moysi
1417 2351 1593 2408 sedent,
1633 2369 1733 2415 quae

344 2443 365 2462 >2
390 2420 545 2466 dieunt
579 2420 735 2478 facite,
763 2422 834 2468 sed
858 2440 956 2486 quae
979 2422 1176 2480 faciunt,
1202 2423 1343 2469 facere
1372 2422 1505 2468 nolite
1527 2441 1538 2468 ι
1577 2422 1731 2469 dicunt

343 2513 366 2535 ³)
393 2492 507 2537 enim
524 2529 536 2549 ,
564 2502 707 2538 etnon
719 2491 889 2539 faciunt
912 2495 945 2542 ⁵.
973 2516 992 2537 >³
1019 2496 1119 2552 Quo
1145 2494 1241 2541 loco
1264 2504 1306 2540 et
1329 2494 1633 2540 auctoritatem
1649 2495 1728 2540 Le-

392 2598 403 2619 ¹
423 2599 505 2628 Gen.
525 2607 607 2634 xvn,
624 2605 725 2638 9-14.
744 2616 788 2622 —
803 2598 818 2621 2
835 2599 1192 2642 Ma1t11.xx111‚15.-
1208 2597 1283 2634 ³1d.
1301 2609 1357 2645 κν,
1373 2600 1406 2632 3.
1420 2616 1464 2623 --
1483 2597 1496 2621 ⁴
1511 2600 1588 2634 Luc.
1608 2610 1654 2643 xi,
1669 2599 1725 2634 52.

346 2668 385 2674 —-
411 2648 424 2671 ⁵
442 2649 564 2685 Matih.
582 2661 681 2691 xxm,
701 2663 732 2692 2,
758 2656 788 2688 3.
