1795 3253
317 224 410 270 322
751 233 784 263 S.
828 232 1067 264 AUGUSTINI
1106 232 1308 264 EPISCOPI

319 328 338 347 »
364 302 496 348 Filius
523 298 798 354 liberaverit,
824 308 926 344 tunc
941 316 1035 345 vere
1052 297 1175 344 liberi
1190 297 1335 345 eritis¹
1359 317 1369 344 ε
1396 320 1415 340 n
1440 300 1495 347 ad
1521 317 1562 347 se
1587 318 1696 348 con-

320 373 541 422 vertissent
559 379 787 434 peeeatum
809 371 995 415 suumin
1013 369 1276 415 confessione
1293 408 1304 426 ,
1331 371 1443 417 sieut
1463 372 1505 417 in
1526 371 1698 418 Psalmo

320 445 534 508 scriptum
558 452 619 487 est
638 477 648 496 ‚
685 439 854 486 medico
893 440 1086 486 dicentes
1114 458 1124 485 ε
1155 462 1174 482 «
1195 441 1284 500 Ego
1317 441 1401 487 dixi
1430 459 1440 487 ε
1477 443 1663 488 Domine
1683 480 1694 500 ,

324 541 344 560 η
370 516 565 562 miserere
590 515 692 566 mei,
710 528 812 556 sana
828 511 1014 557 animani
1034 528 1170 557 meam
1187 548 1198 565 ,
1223 513 1323 575 quia
1344 513 1523 576 peccari
1542 513 1699 567 tihi23»

322 599 363 635 et
393 586 530 633 eidem
550 593 731 648 peccato
747 620 757 640 ‚
780 582 978 647 quandiu
1002 593 1108 628 esset
1129 582 1277 629 adhuc
1294 584 1340 629 in
1359 600 1507 630 eorum
1529 585 1702 631 mortali

324 674 532 722 corpore,
572 671 650 718 per
674 670 791 717 spem
819 654 968 714 gratia}
992 653 1119 699 liberi
1153 653 1493 702 dominarentur.
1536 677 1556 697 «
1574 656 1702 701 Nunc

323 754 341 773 J)
369 740 510 776 autem
528 727 774 787 ignorantes
801 724 1101 784 Deijustitiam
1125 762 1135 780 ,
1158 735 1201 770 et
1223 742 1345 771 suam
1370 726 1561 772 volentes
1580 743 1703 772 cons-

322 824 342 843 »
365 801 543 853 timere,
573 796 672 843 elati
697 794 750 841 de
772 796 979 859 operibus
999 796 1123 855 Legis
1139 833 1149 852 ‚
1176 813 1264 841 non
1290 796 1509 843 humiliati
1534 797 1588 843 de
1602 813 1704 861 pec—

325 896 345 915 »
373 872 479 918 catis
499 868 608 923 suis,
650 884 736 912 non
762 866 1048 930 quiex-erun&
1070 884 1080 911 :
1105 888 1123 908 »
1159 877 1201 911 et
1226 878 1429 927 regnante
1453 879 1635 931 peccato
1657 868 1702 913 in

324 959 474 990 eorum
500 938 671 986 mortali
707 955 889 1001 corpore
919 937 972 982 ad
994 937 1290 983 obediendum
1321 937 1542 984 desideriis
1575 943 1665 999 ejus
1687 975 1698 994 ,

325 1012 597 1061 offenderunt
614 1010 657 1055 in
672 1008 863 1072 lapidem
887 1008 1132 1054 offensionis
1146 1046 1157 1065 ,
1183 1020 1225 1054 et
1245 1020 1490 1055 exarserunt
1512 1009 1612 1055 odio
1631 1009 1706 1055 ad-

325 1101 472 1132 versus
488 1099 587 1128 eum
601 1080 638 1137 4,
660 1085 785 1140 cujus
806 1097 939 1143 opera
959 1079 1153 1126 videntes
1174 1081 1267 1126 Deo
1292 1092 1469 1144 accepta
1493 1098 1579 1127 esse
1597 1118 1608 1137 ‚
1631 1079 1707 1126 do—

327 1156 522 1210 luerunt,
542 1152 634 1208 illo,
655 1153 731 1215 qui
756 1168 898 1197 caecus
921 1162 1048 1197 natus
1068 1155 1160 1212 jam
1184 1151 1377 1206 videbat,
1404 1153 1486 1198 sibi
1506 1152 1704 1198 dicente:

327 1250 347 1269 «
364 1227 536 1273 Scimus
555 1223 656 1286 quia
675 1232 925 1286 peccatores
942 1224 1059 1267 Deus
1085 1240 1172 1268 non
1196 1222 1395 1279 exaudit,
1423 1223 1496 1268 sed
1518 1223 1709 1286 quicum

331 1321 349 1340 ›>
374 1296 584 1350 coluerit,
613 1305 655 1339 et
685 1292 954 1338 voluntatem
975 1296 1064 1352 ejus
1082 1292 1231 1339 fecerit
1247 1330 1257 1349 ,
1285 1294 1405 1339 hunc
1424 1294 1630 1339 exaudit5
1652 1311 1663 1338 :
1691 1314 1712 1335 »

331 1381 539 1432 tanquam
571 1365 659 1410 hoc
683 1364 740 1409 eis
765 1362 930 1408 diceret
963 1381 973 1408 ι
1008 1364 1152 1427 Super
1186 1364 1453 1410 sacrificium
1487 1366 1598 1410 Ca'in
1628 1381 1715 1410 non

336 1438 541 1504 respicit,
569 1435 642 1482 sed
665 1451 794 1498 super
818 1434 1083 1480 sacrificium
1107 1434 1218 1481 Abel
1242 1435 1431 1498 respicit.
1463 1436 1616 1499 ltaque
1637 1452 1717 1480 oc-

335 1512 496 1560 ciditur
521 1507 632 1556 Abel
659 1507 802 1552 minor
826 1516 932 1552 natu
957 1525 979 1551 a
1002 1505 1132 1552 fratre
1151 1510 1311 1566 majore
1329 1518 1433 1553 natu
1461 1525 1471 1552 :
1499 1506 1718 1553 occiditur

337 1581 540 1638 Christus
561 1588 695 1642 caput
718 1577 874 1640 populi
898 1576 1077 1622 minoris
1094 1589 1201 1623 natu
1221 1596 1244 1623 a
1270 1578 1436 1641 populo
1461 1578 1720 1625 Judaeorum

340 1657 503 1714 majore
530 1659 636 1696 natu
664 1666 673 1694 :
699 1647 769 1693 ille
788 1648 834 1693 in
858 1664 1016 1711 campo
1035 1685 1045 1704 ,
1070 1647 1146 1693 iste
1169 1648 1214 1693 in
1239 1648 1452 1693 Calvariae
1475 1648 1586 1696 loco.

406 1726 462 1771 X.
505 1722 750 1780 Interrogat
770 1720 887 1764 Deus
913 1719 1024 1764 Cain
1045 1756 1056 1776 ‚
1087 1736 1175 1764 non
1202 1730 1411 1783 tanquam
1433 1719 1608 1780 ignarus
1625 1736 1724 1766 eum

346 1816 369 1844 a
398 1811 486 1859 quo
511 1792 670 1847 discat,
695 1789 767 1835 sed
787 1790 1138 1853 tanquainjudex
1161 1807 1282 1836 reum
1306 1807 1432 1854 quem
1454 1792 1628 1854 puniat,
1650 1791 1728 1837 ubi

351 1869 404 1915 sit
426 1865 559 1912 frater
584 1866 688 1923 ejus.
721 1861 976 1924 Respondet
999 1862 1068 1907 ille
1094 1862 1256 1907 nescire
1283 1879 1348 1918 se,
1372 1879 1452 1907 nec
1475 1867 1565 1923 ejus
1584 1880 1626 1908 se
1644 1879 1732 1908 esse

352 1935 621 1986 custodemss.
649 1934 795 1997 [sque
814 1932 962 1978 adhuc
985 1932 1094 1996 quid
1114 1932 1240 1979 nobis
1265 1932 1530 1996 respondent
1553 1934 1699 1980 Judaei
1718 1971 1728 1988 ‚

354 2026 456 2056 cum
476 2024 546 2053 eos
566 2005 645 2052 Dei
660 2021 782 2061 voce,
801 2003 890 2050 hoc
906 2014 968 2049 est
982 2041 993 2060 ,
1017 2015 1265 2050 sanctarum
1285 2004 1612 2068 Scripturarum
1629 2021 1736 2051 voce

357 2083 673 2138 interrogamus
695 2075 747 2121 de
778 2075 956 2122 Christo
973 2113 983 2131 ‚
1008 2075 1088 2122 nisi
1108 2076 1270 2122 nescire
1291 2093 1333 2121 se
1355 2076 1580 2122 Christum
1605 2093 1737 2140 quem

360 2151 578 2199 dicimus?
608 2146 750 2192 Fallax
770 2147 885 2193 enim
902 2146 1009 2192 Ca'in
1029 2147 1258 2207 ignoratio,
1282 2146 1538 2193 Judaeorum
1557 2158 1617 2193 est
1633 2147 1739 2193 falsa

363 2221 547 2283 negatio,
581 2219 735 2264 Essent
760 2230 903 2263 autem
933 2218 1125 2281 quodam
1150 2218 1279 2264 modo
1310 2218 1475 2264 Christi
1506 2219 1705 2264 custodes
1726 2255 1737 2274 ‚

366 2295 399 2341 si
415 2290 695 2340 christianam
716 2288 846 2334 fidem
864 2290 1060 2353 accipere
1071 2300 1112 2335 et
1130 2289 1347 2336 custodire
1360 2289 1607 2337 voluissent.
1632 2291 1744 2335 Nam

370 2364 445 2430 qui
465 2360 657 2409 custodit
672 2360 715 2405 in
731 2359 860 2405 corde
875 2377 952 2406 suo
973 2361 1199 2406 Christum
1213 2399 1224 2418 ‚
1245 2378 1334 2406 non
1347 2360 1587 2425 dicitquod
1608 2361 1741 2407 Ca'in:

372 2457 393 2478 c<
419 2431 646 2498 Numquid
676 2448 752 2492 ego
778 2442 923 2477 custos
948 2449 1043 2478 sum
1067 2432 1211 2479 fratris
1235 2433 1349 2479 mei?
1373 2453 1393 2475 >³
1420 2434 1541 2479 Dicit
1557 2435 1673 2480 Deus
1692 2431 1747 2478 ad

425 2527 645 2564 ¹Joan.v11x‚
663 2521 716 2552 36.
735 2537 780 2543 -
795 2518 810 2541 ²
827 2521 907 2553 Psat.
921 2532 974 2559 xn,
994 2524 1027 2555 5.
1045 2539 1091 2545 —
1113 2520 1128 2545 ³
1146 2525 1239 2556 Rom.
1262 2534 1307 2562 vx,
1324 2534 1374 2561 12,
1395 2528 1425 2554 et
1440 2534 1471 2562 x,
1493 2534 1524 2556 2.
1541 2541 1578 2547 —
1599 2520 1614 2547 ⁴
1630 2523 1678 2556 ld.
1700 2535 1748 2567 rx,

380 2584 435 2614 32.
450 2597 492 2603 --
509 2576 522 2600 ⁵
540 2580 634 2610 Joan.
652 2585 698 2609 xx.
719 2576 773 2606 31.
791 2591 838 2598 —-
854 2570 966 2609 ⁶Geu.
986 2587 1026 2612 iv,
1043 2587 1074 2616 9.
