1795 3253
281 279 452 309 comum
492 278 690 308 rusus!
728 278 1029 318 MANJCHAEC-xt,
1072 281 1157 311 11113.
1207 285 1295 313 xvi.
1406 267 1497 325 455

118 345 191 392 sed
210 344 446 407 Discipulis
475 342 745 408 responderit
769 344 1006 390 Dominus:
1032 368 1049 386 α
1069 348 1123 392 At
1141 348 1211 395 ille
1234 350 1500 413 respondens

118 437 138 457 υ
162 415 244 461 ait:
264 414 418 463 Omnis
448 413 662 477 plantatio
686 431 820 477 quam
857 431 945 459 non
978 416 1190 479 plantavit
1223 421 1349 466 Pater
1373 438 1492 467 meus

117 508 137 527 υ
163 485 367 541 coelestis,
388 483 698 533 eradicabitur.
721 485 857 531 Sinite
874 485 993 542 illos,
1016 489 1120 534 caeci
1149 491 1392 538 suntduces
1410 509 1493 538 οω-

116 577 137 599 »
161 573 327 603 corum.
354 557 509 602 Caecus
528 565 672 601 autem
689 555 722 600 si
744 572 909 603 caecuin
929 557 1078 613 ducat,
1097 561 1227 606 ambo
1250 562 1294 607 in
1313 562 1486 609 foveam

114 648 135 670 »
160 626 339 674 cadunt.
367 649 386 668 »
402 627 498 672 Hoc
513 625 661 689 utique
677 625 792 682 ideo,
817 626 919 689 quia
939 628 1192 676 traditiones
1217 648 1313 678 suas
1342 632 1488 679 volen-

113 709 173 745 tes
191 708 398 754 statuere,
422 696 626 742 mandata
646 697 726 744 Del
739 714 825 742 non
844 697 1159 760 intelligebant.
1189 702 1275 749 Sed
1289 703 1488 750 nondum

110 769 372 834 quaesierant
385 767 603 846 Discipuli
621 785 644 812 a
671 767 894 828 Magistm,
912 770 1231 835 quomodoipsi
1251 773 1370 837 quod
1386 784 1484 820 tur-

108 840 176 886 bis
202 839 391 895 dixerat,
428 839 626 901 accipere
651 829 896 888 deberent:
933 841 1043 887 Ecce
1072 852 1113 887 et
1157 843 1243 889 hoc
1274 846 1353 898 fit;
1385 863 1487 892 nam

108 911 296 957 contexit
318 912 384 956 Ev
374 909 612 970 angelista,
643 921 686 956 et
705 910 848 956 dicit
836 928 848 963 ς
882 933 901 953 «
922 913 1206 976 Respondeas
1226 926 1372 962 mmm
1397 918 1486 963 Pe-

108 1004 129 1025 »
139 993 248 1039 trus,
262 983 322 1028 ait
337 981 427 1028 illi:
442 982 580 1032 Narra
591 981 718 1028 nobis
732 982 990 1045 parabolam
1004 984 1145 1032 istam.
1165 1006 1185 1027 »
1199 986 1315 1032 Hinc
1326 987 1485 1039 iutelli-

106 1053 246 1114 gimus
265 1054 442 1099 Petrum
455 1062 646 1116 putasse,
667 1070 754 1102 non
766 1054 962 1117 proprie,
983 1072 1062 1101 nec
1080 1067 1225 1119 aperte
1240 1057 1483 1106 Dominum

104 1124 304 1171 locutum
319 1123 448 1170 fuisse
472 1139 573 1169 cum
594 1122 777 1173 diceret:
792 1146 812 1166 κ
831 1125 928 1171 Non
948 1126 1068 1190 quod
1090 1127 1225 1174 intrat
1238 1127 1284 1174 in
1298 1145 1343 1174 os
1363 1146 1461 1176 eom

104 1216 125 1237 »
145 1194 342 1254 municat
366 1193 608 1247 hominem,
630 1194 703 1240 sed
727 1194 847 1258 quod
870 1196 1071 1258 procedit
1093 1197 1147 1243 de
1170 1215 1243 1243 ore
1265 1215 1275 1243 :
1295 1220 1315 1240 ›>
1340 1198 1413 1245 sed
1434 1210 1483 1246 ut

103 1266 208 1316 solet
227 1265 492 1312 obscuritate
504 1265 728 1329 parabolae
742 1267 907 1330 aliquid
922 1268 1163 1328 significare
1175 1269 1372 1317 voluisse.
1401 1271 1482 1318 Vi-

101 1337 279 1385 deamus
298 1354 397 1398 ergo
416 1348 561 1382 utrum
578 1340 669 1396 jam
692 1338 893 1383 secretius
911 1338 1143 1402 Discipulis
1162 1340 1476 1401 interroganti-

98 1409 183 1461 bus
193 1409 282 1458 hoc
293 1408 428 1464 dicat,
443 1407 564 1472 quod
577 1407 817 1454 Manichaei
837 1408 1008 1464 volunt,
1024 1409 1271 1456 immundas
1287 1427 1375 1462 esse
1388 1429 1481 1458 om-

98 1495 348 1535 nescarnes,
369 1496 448 1530 nec
471 1495 540 1527 eos
561 1477 725 1541 aliquid
738 1495 886 1527 earum
903 1478 1060 1526 debere
1076 1481 1338 1541 contingere.
1359 1483 1479 1539 Quid

97 1550 218 1613 quod
239 1550 490 1614 exprobrat,
513 1548 634 1612 quod
655 1559 848 1612 apertam
868 1566 988 1601 suam
999 1550 1265 1605 locutionem
1281 1552 1479 1605 nondum

95 1620 406 1679 intellexerint,
436 1630 479 1666 et
503 1619 683 1683 proprie
719 1619 890 1671 dietum
914 1620 1169 1684 parabolam
1192 1626 1379 1685 putent?
1407 1624 1479 1676 Sic.

94 1692 209 1738 enim
231 1693 454 1755 sequitur:
483 1711 504 1736 ,α
532 1693 588 1740 At
612 1690 683 1740 ille
704 1690 812 1740 dixit
833 1709 844 1734 ε
871 1692 1032 1742 Adhuc
1064 1701 1107 1741 et
1129 1708 1205 1737 vos
1229 1692 1480 1756 insipientes

94 1782 117 1804 »
135 1762 260 1819 estis,
284 1772 326 1814 et
349 1778 439 1806 non
458 1759 722 1819 intelligitis,
749 1760 853 1823 quia
877 1777 1006 1812 omne
1026 1761 1147 1824 quod
1170 1761 1216 1808 in
1242 1779 1288 1809 os
1318 1764 1475 1823 intrat,

94 1853 116 1875 »
140 1832 186 1878 in
202 1843 394 1879 ventrem
414 1830 553 1885 vadit,
577 1841 619 1875 et
644 1830 689 1875 in
710 1830 915 1876 latrinam
936 1832 1151 1877 emittitur
1175 1850 1186 1877 :
1213 1850 1314 1896 quae
1334 1846 1477 1882 autern

92 1925 114 1946 »
138 1903 385 1968 procedunt
403 1920 451 1948 ex
469 1919 558 1957 ore,
579 1901 632 1947 de
644 1902 776 1947 corde
791 1914 963 1959 exeunt,
986 1913 1028 1949 et
1051 1903 1124 1954 illa
1146 1907 1477 1954 communicant

91 1995 113 2017 >³
138 1974 360 2021 hominem
375 1976 392 2020 Ρ
406 1975 517 2020 Nam
532 1973 585 2018 de
605 1972 735 2018 corde
756 1983 911 2023 exeunt
928 1974 1209 2034 cogitationes
1228 1976 1372 2031 malae,
1388 1977 1476 2024 ho·-

92 2068 112 2090 »
137 2046 332 2103 micidia,
357 2045 588 2101 adulteria,
604 2043 928 2102 fornicationes,
942 2045 1074 2104 furta,
1091 2044 1195 2092 falsa
1214 2048 1472 2107 testimonia,

90 2139 111 2160 υ
134 2116 448 2181 blasphemiae;
470 2116 569 2162 haec
600 2126 700 2161 sunt
722 2133 824 2180 quae
849 2117 1180 2163 communicant
1201 2118 1427 2165 hominem
1459 2138 1469 2165 ε

91 2210 110 2230 n
136 2207 220 2239 non
246 2188 344 2234 lotis
371 2197 512 2234 autem
530 2187 734 2232 manibus
753 2186 1034 2245 manducare,
1057 2205 1143 2234 non
1168 2189 1468 2236 communicat

88 2282 109 2304 »
137 2260 377 2312 hominem.
404 2281 425 2301 ι)

149 2331 339 2382 XXXII,
367 2330 494 2376 Certe
511 2334 602 2390 jam
620 2328 889 2381 manifestata
909 2329 1080 2382 fallacia
1102 2330 1304 2383 convicta
1321 2330 1458 2378 disee-

86 2400 154 2448 dit
173 2419 183 2448 ε
205 2412 320 2447 certe
343 2404 435 2461 jam
469 2401 636 2450 clarum
671 2411 758 2458 est,
791 2418 879 2451 non
900 2401 1018 2453 aliud
1039 2401 1122 2447 hac
1142 2401 1196 2447 de
1217 2418 1263 2447 re
1286 2402 1456 2459 turbas,

85 2472 205 2524 aliud
228 2483 391 2523 secreto
412 2470 661 2535 Discipulos
690 2472 926 2527 Dominum
962 2472 1182 2525 docuisse:
1220 2483 1335 2527 certe
1367 2473 1458 2526 siue

83 2543 356 2598 dubitatione
372 2544 635 2608 perspicitur
660 2544 930 2599 Manichaeos
957 2544 1102 2608 potius
1126 2561 1214 2599 esse
1231 2544 1460 2598 mendaces

83 2624 210 2678 atque
230 2614 417 2670 fallaces,
448 2632 535 2660 non
558 2615 760 2675 Moysen,
789 2632 876 2661 non
903 2615 1130 2662 Christum
1152 2651 1163 2671 ,
1186 2631 1274 2666 non
1298 2615 1333 2660 T
1338 2626 1459 2661 esta-
