1795 3253
365 303 423 349 02
768 299 802 330 S.
846 300 1089 331 AUGUSTINI
1125 299 1328 331 EPISCOPI

365 387 446 415 nus
469 368 714 431 quaerimus.
743 368 837 414 Tua
854 385 954 415 vero
977 380 1130 415 natura
1157 370 1372 416 contraria
1395 388 1526 436 quam
1541 371 1729 429 induciS,

362 439 568 502 quoniam
590 443 675 499 jam
691 439 891 502 respondi
913 441 1095 499 objectis
1114 441 1215 490 tuis,
1237 458 1383 504 quaeso
1399 453 1504 489 uttu
1527 443 1635 489 mihi
1661 443 1735 489 di-

363 527 457 555 cere
475 509 680 569 digneris,
704 510 737 555 si
762 509 833 555 illa
861 521 1014 556 natura
1047 512 1261 556 contraria
1287 523 1349 557 est
1378 522 1518 558 totum
1543 513 1704 559 malum
1720 551 1731 569 ‚

363 598 501 644 neque
523 592 746 645 peccatum
770 592 911 644 potest
931 600 1016 628 esse
1040 583 1119 628 nisi
1140 600 1186 627 ex
1206 582 1277 628 illa
1294 620 1304 638 ‚
1333 600 1511 647 poenam
1529 585 1620 647 ipsa
1647 584 1737 630 sola

363 652 492 697 debet
511 653 657 698 mereri
674 690 684 704 ,
712 669 799 697 non
824 653 964 698 anima
991 672 1012 698 a
1029 670 1114 716 qua
1148 670 1235 697 non
1263 664 1325 699 est
1348 665 1591 717 peccatum.
1620 656 1675 700 At
1703 655 1738 700 si

363 722 470 768 dicis
494 723 628 786 ipsam
649 722 781 768 solam
802 723 953 768 mereri
972 741 1170 786 puniam,
1193 733 1234 767 et
1251 724 1438 769 aninmm
1456 742 1542 770 non
1561 725 1735 779 mereri3

361 811 510 856 quaero
536 795 606 839 cui
636 794 735 839 data
764 795 817 839 sit
839 795 1096 857 poenitentia
1117 832 1126 843 ,
1162 811 1261 857 qua?
1291 795 1343 839 sit
1360 798 1477 854 jussa
1502 795 1732 859 poenitere.

364 864 409 909 Si
432 866 573 910 anima
595 868 711 924 jussa
735 876 795 910 est
824 865 1062 928 poenitere.
1101 865 1155 910 ab
1189 865 1261 909 illa
1290 877 1519 928 peccatum
1538 903 1549 920 ‚
1581 877 1623 912 et
1647 866 1740 930 ipsa

361 935 582 981 voluntate
603 937 812 999 peccavit.
846 938 956 982 Nam
975 937 1007 981 si
1028 937 1198 996 cogitur
1219 937 1361 982 anima
1388 935 1526 983 facere
1546 938 1709 984 malum
1725 974 1736 994 ,

363 1025 500 1071 neque
520 1007 593 1052 illa
609 1019 668 1053 est
687 1025 785 1071 quae
804 1008 967 1053 malum
991 1007 1120 1060 sacit3
1148 1025 1290 1053 nonne
1309 1007 1488 1053 stultum
1507 1019 1569 1054 est
1592 1019 1634 1054 et
1651 1009 1742 1072 ple-

362 1095 468 1123 num
504 1077 753 1134 dementiae,
785 1089 831 1123 ut
862 1096 962 1138 gens
997 1078 1271 1124 tenebrarum
1303 1080 1576 1142 peccaverit,
1609 1090 1652 1125 et
1676 1092 1743 1125 me

362 1149 576 1212 poeniteat
602 1149 655 1195 dc
680 1151 905 1213 peccatis?
937 1150 1091 1195 Nonne
1122 1149 1302 1213 plenum
1325 1149 1554 1195 dementiae
1577 1160 1664 1206 est,
1696 1160 1746 1195 ut

363 1236 463 1279 gens
498 1221 774 1266 tenebrarum
811 1221 1081 1284 peccaverit,
1118 1232 1160 1266 et
1194 1221 1303 1266 mihi
1327 1220 1454 1266 detur
1474 1220 1744 1282 indulgentia

364 1300 643 1353 peccatorum
662 1308 672 1336 :
688 1291 763 1354 qui
780 1308 955 1354 possum
969 1291 1112 1337 dicere
1128 1291 1366 1337 secundum
1381 1291 1510 1336 fidem
1529 1302 1712 1338 vestram
1731 1309 1741 1337 ι

368 1359 488 1416 Quid
507 1360 611 1417 feci,
636 1361 741 1424 quid
763 1361 990 1407 commisi?
1011 1361 1143 1424 Apud
1164 1372 1204 1406 te
1225 1361 1288 1407 fui
1307 1398 1317 1416 ‚
1337 1361 1499 1421 integer
1518 1360 1605 1417 sui,
1627 1361 1747 1407 nulla

365 1430 464 1476 labe
485 1432 802 1477 contaminatus
830 1431 924 1477 sui:
957 1443 1002 1477 tu
1027 1450 1094 1477 me
1116 1432 1205 1478 huc
1233 1432 1411 1486 misisti,
1442 1442 1489 1477 tu
1515 1433 1747 1478 necessita-

369 1512 451 1546 tem
477 1519 626 1565 passus
643 1519 684 1548 es
698 1539 709 1558 ‚
731 1513 778 1548 tu
797 1503 947 1548 cavisti
968 1503 1108 1562 regnis
1127 1503 1211 1548 tuis
1228 1540 1238 1558 ,
1262 1520 1362 1548 cum
1380 1519 1534 1562 magna
1555 1503 1613 1548 eis
1631 1502 1749 1549 labes

367 1582 408 1617 et
432 1572 604 1618 vastitas
632 1573 888 1619 immineret.
917 1574 1030 1619 Cum
1048 1590 1148 1632 ergo
1168 1573 1336 1619 noveris
1353 1574 1646 1618 necessitatem
1662 1590 1748 1637 qua

367 1642 442 1687 hic
463 1658 690 1706 oppressus
708 1661 802 1688 sum
819 1681 829 1699 ,
852 1660 938 1706 qua
957 1643 1169 1706 respirare
1192 1660 1281 1688 non
1301 1643 1451 1706 potui,
1472 1643 1544 1690 cui
1559 1643 1750 1689 resistere

370 1728 455 1756 non
476 1713 626 1775 potui,
654 1713 761 1775 quid
785 1730 853 1758 me
877 1729 1054 1759 accusas
1077 1714 1199 1776 quasi
1228 1716 1512 1777 peccantem?
1539 1724 1613 1760 aut
1641 1713 1749 1778 quid

368 1782 588 1845 promittis
608 1783 919 1844 indulgentiam
945 1787 1257 1847 peccatorum?
1282 1783 1349 1830 Ad
1379 1783 1465 1829 hoc
1487 1784 1576 1830 sine
1595 1785 1751 1830 amba-

369 1852 494 1912 gibus
521 1853 754 1918 responde,
778 1854 812 1900 si
835 1853 1006 1918 placet,
1028 1854 1142 1901 sicut
1170 1854 1251 1900 tibi
1274 1871 1352 1914 ego
1376 1853 1466 1899 sine
1493 1854 1751 1914 ambagibus

372 1924 590 1988 respondi.

439 1998 574 2044 FoR'r.
616 1997 755 2044 dixit:
792 1998 931 2044 «Hoc
965 2015 1043 2043 nos
1079 1996 1289 2052 dicimus,
1327 1996 1447 2060 quod
1480 2016 1504 2042 a
1535 1998 1752 2044 contraria

372 2078 527 2114 natura
547 2069 687 2115 anima
707 2080 888 2130 cogatur
914 2069 1164 2132 delinquere
1187 2085 1198 2112 ι
1222 2067 1293 2113 cui
1318 2085 1405 2113 non
1428 2067 1493 2114 vis
1512 2086 1598 2114 esse
1628 2069 1752 2114 radi-

373 2156 466 2184 cem
486 2176 497 2195 ‚
534 2139 616 2185 nisi
648 2140 733 2185 hoc
758 2150 929 2186 tantum
954 2140 1074 2203 quod
1106 2140 1151 2185 in
1183 2139 1310 2184 nobis
1342 2138 1506 2184 malum
1529 2150 1750 2194 versatur3

374 2227 474 2255 cum
509 2221 673 2256 constet
702 2211 889 2274 exceptis
922 2211 1076 2256 nostris
1114 2210 1376 2273 corporibus
1411 2209 1523 2255 mala
1560 2211 1604 2256 in
1635 2211 1754 2256 omni

376 2281 542 2327 mundo
565 2284 736 2330 versari.
770 2285 867 2329 Non
888 2284 968 2329 ista
985 2300 1085 2346 quae
1102 2283 1147 2328 in
1172 2281 1431 2345 corporibus
1453 2281 1592 2327 solum
1610 2282 1755 2328 habe-

376 2369 473 2397 mus
495 2352 541 2397 in
563 2363 651 2398 toto
671 2353 838 2400 mundo
853 2365 1093 2409 versantur,
1114 2364 1156 2398 et
1171 2352 1422 2398 nominibus
1440 2351 1602 2407 valent,
1617 2352 1753 2406 bona;

376 2421 489 2468 mala
513 2423 634 2469 radix
658 2424 809 2471 haeret.
844 2425 955 2471 Nam
980 2424 1086 2470 dixit
1116 2422 1310 2484 dignatio
1333 2433 1407 2468 tua
1429 2422 1550 2486 quod
1581 2423 1678 2469 haec
1702 2423 1757 2469 sit

379 2493 499 2539 radix
537 2494 751 2541 malorum
797 2496 1041 2559 cupiditas,
1078 2511 1177 2558 quae
1212 2494 1257 2540 in
1296 2493 1452 2539 nostris
1496 2493 1756 2557 corporibus

378 2575 574 2611 versatur
600 2583 611 2611 :
637 2583 737 2613 cum
760 2567 937 2632 quando
961 2583 1049 2612 non
1077 2577 1139 2612 est
1171 2564 1390 2629 cupiditas
1412 2563 1515 2610 mali
1535 2582 1583 2610 ex
1601 2564 1757 2611 nostris

380 2636 668 2701 corporibuS,
695 2656 743 2686 ex
765 2639 1003 2704 principali
1034 2638 1108 2686 illa
1139 2638 1356 2687 contraria
1385 2647 1541 2684 natura
1562 2647 1757 2684 versatur
