1795 3253
270 272 444 304 CONTRA
481 255 683 303 unsrun
718 253 1020 310 mmmmm,
1062 272 1147 304 Lm.
1191 273 1271 304 x11.
1379 260 1472 322 339

97 336 295 399 qualibet
330 336 523 400 corporis
551 346 674 382 aetate
699 330 885 399 pueriles
912 337 1028 382 varia
1053 337 1244 401 quadam
1276 338 1469 386 delecta—

97 407 215 453 tione
234 403 469 453 sollicitant
495 425 506 453 :
536 407 608 453 sed
624 424 699 453 nos
712 409 804 467 jam
822 423 981 469 corpus
1004 408 1170 454 Christi
1191 428 1473 470 agnoscamus

96 478 141 523 in
159 478 331 524 Psalmo
350 495 502 524 vocem
528 488 737 533 nostram,
759 487 801 522 et
825 476 1022 523 dicamus
1045 479 1081 524 ei
1101 496 1111 523 :
1133 500 1153 520 c<
1174 479 1473 527 Narraverunt

99 569 120 590 »
142 548 253 594 mihi
275 549 423 610 injusti
447 548 751 594 delectationes
766 585 776 603 ‚
800 546 872 593 sed
897 565 983 592 non
1004 548 1117 594 sicut
1154 549 1216 595 lex
1242 561 1316 596 tua
1334 588 1344 606 ,
1381 552 1474 597 Do-

99 640 119 660 »
143 618 296 666 minel.
309 641 328 661 υ
346 619 548 665 Christus
566 619 677 664 mihi
692 619 856 682 ubique
875 618 1050 664 illorum
1066 619 1299 677 librorum,
1313 623 1476 686 ubique

98 689 271 736 illarum
296 690 620 754 Scripturarum
645 689 893 754 peragranti
913 700 954 734 et
976 689 1198 736 anhelanti
1219 728 1228 747 ,
1257 692 1301 737 in
1322 693 1476 739 sudore

97 760 172 806 illo
193 760 482 806 damnationis
500 761 722 816 humanae,
744 760 832 806 sive
852 778 899 805 ex
915 771 1082 823 apert0‚
1107 762 1193 807 sive
1207 779 1253 807 ex
1280 763 1472 821 occultO,

99 831 291 877 occurrit
312 841 354 877 et
374 832 542 878 reficit:
570 832 662 894 ipse
692 831 803 877 mihi
835 841 877 876 et
913 848 961 876 ex
986 831 1196 877 nonnulla
1222 832 1478 880 difficultate

97 901 355 948 inventionis
381 919 469 948 suae
491 901 752 948 desiderium
783 901 1052 957 inflammat,
1081 919 1170 964 quo
1195 901 1239 947 id
1261 904 1381 966 quod
1406 904 1478 949 in-

98 989 254 1019 venero
276 973 400 1020 avide
420 973 638 1027 sorbeam,
654 971 941 1036 medullisque
958 972 1233 1018 reconditum
1252 973 1483 1021 salubriter

100 1052 282 1090 teneam.

162 1114 372 1162 XXVIII.
398 1115 496 1178 Ipse
518 1114 627 1160 mihi
644 1114 687 1159 in
706 1115 729 1158 J
736 1113 872 1177 oseph
892 1114 1108 1170 innuitur,
1128 1116 1203 1178 qui
1224 1133 1483 1180 persequen-

99 1184 216 1230 tibus
237 1195 278 1230 et
301 1185 593 1232 vendentibus
619 1184 827 1230 fratribus
849 1222 859 1235 .,
903 1184 948 1230 in
981 1187 1167 1249 AEg'ypto
1191 1197 1291 1249 post
1313 1186 1483 1235 labores

96 1255 348 1302 honoratur
368 1257 402 1303 2.
431 1255 679 1302 Didicimus
700 1255 814 1300 enim
829 1254 999 1300 labores
1012 1255 1176 1301 Christi
1194 1257 1238 1302 in
1264 1257 1369 1302 orbe
1386 1276 1485 1318 gen-

99 1326 210 1372 tium
228 1363 240 1383 ‚
265 1344 397 1391 quem
421 1326 696 1387 significabat
730 1328 940 1388 AEgyptus
956 1363 966 1381 ,
1006 1343 1082 1389 per
1105 1326 1243 1373 varias
1266 1329 1483 1391 passiones

100 1397 354 1461 llrlaryruin3
383 1407 426 1442 et
450 1413 569 1442 nunc
590 1395 786 1443 videmus
810 1396 1023 1441 honorem
1063 1396 1229 1442 Christi
1257 1398 1302 1443 in
1332 1399 1483 1445 eodem

99 1467 205 1514 orbe
231 1477 443 1513 terrarum
460 1505 470 1523 ,
497 1466 742 1527 erogatione
769 1466 977 1512 frumenti
1005 1466 1070 1512 sui
1099 1467 1182 1513 sibi
1204 1471 1348 1515 omnia
1372 1470 1482 1516 sub-

92 1539 301 1599 jugantis.
334 1540 432 1602 Ipse
452 1538 563 1584 mihi
581 1538 780 1584 innuitur
802 1538 847 1583 in
866 1538 985 1598 virga
1010 1538 1167 1602 Moysi,
1189 1556 1290 1602 quae
1312 1541 1485 1588 interra

98 1625 272 1673 serpens
296 1610 463 1665 effecta,
484 1612 574 1669 ejus
592 1619 776 1655 mortem
798 1608 1002 1668 figuravit
1036 1627 1059 1654 a
1079 1621 1276 1672 serpente
1304 1613 1484 1657 venien—

98 1690 185 1725 tem
208 1679 226 1708 3
241 1697 253 1725 z
272 1679 345 1726 sed
360 1679 480 1743 quod
495 1679 767 1743 apprehensa
780 1678 921 1724 cautla
935 1682 1026 1739 ejus
1043 1696 1190 1725 rursus
1204 1680 1324 1741 virga
1338 1682 1482 1730 reddi-

97 1761 187 1807 tur,
202 1750 418 1811 significat
430 1750 551 1814 quod
563 1751 792 1814 posteriUS,
810 1750 997 1814 peractis
1005 1753 1099 1810 jam
1112 1752 1317 1798 omnibus
1332 1753 1378 1799 in
1398 1756 1482 1801 fine

99 1822 306 1880 actionis,
337 1822 392 1868 ad
415 1822 461 1868 id
479 1822 599 1886 quod
626 1820 790 1877 fuerat,
834 1821 1096 1882 resurgendo
1121 1823 1375 1880 revertitur,
1402 1827 1481 1873 ubi

96 1902 177 1957 per
194 1893 297 1939 vitae
320 1894 636 1957 reparationem
661 1903 798 1938 morte
816 1903 1096 1956 consumpta,
1126 1892 1240 1939 nihil
1269 1898 1479 1959 serpentis

99 1972 295 2027 apparet.
320 1965 408 2010 Nos
420 1979 596 2027 quoque
613 1979 773 2026 corpus
788 1966 879 2022 ejus
892 1962 937 2008 in
961 1963 1110 2008 eadem
1127 1964 1389 2012 mortalitate
1402 1984 1481 2030 per

96 2033 268 2081 lubrica
306 2045 550 2098 temporum
580 2034 799 2080 volvimur
823 2052 833 2079 ε
879 2034 952 2079 sed
991 2035 1076 2079 fine
1100 2035 1333 2082 novissimo
1361 2038 1480 2085 velut

97 2104 238 2152 cauda
261 2106 427 2161 saeculi,
444 2123 524 2169 per
542 2122 721 2150 manum
734 2142 744 2160 ,
769 2104 815 2150 id
833 2114 911 2160 est,
933 2122 1012 2169 per
1030 2114 1283 2168 potestatem
1298 2107 1475 2167 Judicii‚

96 2193 150 2222 ne
166 2176 278 2222 ultra
306 2176 567 2240 prolabatur
594 2174 864 2238 apprehensa
879 2212 890 2230 ‚
916 2174 1239 2238 reparabimur,
1262 2186 1304 2221 et
1326 2180 1479 2226 novis-

96 2246 205 2293 sima
220 2246 397 2294 inimica
419 2257 558 2293 morte
581 2245 801 2292 destructa
826 2255 1107 2306 resurgentes,
1133 2244 1180 2291 in
1199 2244 1369 2295 dextera
1393 2250 1474 2297 Dei

93 2318 217 2378 virga
236 2318 353 2379 regni
369 2318 527 2364 erimus
546 2316 579 2364 Δ.

159 2391 324 2437 XXIX.
353 2390 452 2436 Jam
475 2389 529 2436 de
557 2388 671 2435 exitu
697 2388 833 2435 Israel
873 2405 920 2435 ex
943 2389 1118 2452 Egypto
1137 2426 1148 2445 ,
1175 2405 1266 2435 non
1293 2406 1371 2450 ego
1400 2393 1475 2440 sed

94 2461 330 2526 Apostolus
351 2461 587 2526 loquatur:
613 2481 634 2502 c<
659 2459 770 2506 Nolo
797 2470 941 2507 autem
965 2477 1042 2508 vos
1058 2460 1274 2521 ignorare,
1299 2460 1470 2522 fratres,

141 2553 153 2576 ¹
171 2553 250 2587 Psal.
270 2564 386 2594 cxvm,
407 2554 520 2586 85.—-
541 2551 556 2576 2
573 2554 659 2588 Gen.
689 2563 758 2593 nt,
794 2559 847 2589 4ο.
864 2569 911 2579 ·-
942 2549 956 2576 3
976 2551 1078 2586 Exod.
1112 2563 1172 2594 vu,
1195 2563 1247 2585 ιο.
1265 2550 1343 2579 -d
1365 2566 1379 2587 1
1399 2557 1476 2591 Cor,

92 2617 148 2647 xv,
166 2607 221 2640 26.

1262 2674 1341 2709 22.
